%% This BibTeX bibliography file was created using BibDesk.
%% http://bibdesk.sourceforge.net/


%% Created for Douglas Ahler at 2021-12-31 10:16:35 -0500 


%% Saved with string encoding Unicode (UTF-8) 



@article{kane2021who,
	author = {John V. Kane and Lilliana Mason and Julie Wronski},
	date-added = {2021-12-31 10:15:18 -0500},
	date-modified = {2021-12-31 10:16:35 -0500},
	journal = {The Journal of Politics},
	number = {4},
	pages = {1783-1799},
	title = {Who's at the Party? Group Sentiments, Knowledge, and Partisan Identity},
	volume = {83},
	year = {2021}}

@article{iyengar2019annual,
	author = {Shanto Iyengar and Yphtach Lelkes and Matthew Levendusky and Neil Malhotra and Sean J. Westwood},
	date-added = {2020-03-17 17:56:10 -0400},
	date-modified = {2020-03-17 17:57:02 -0400},
	journal = {Annual Review of Political Science},
	pages = {129-146},
	title = {The Origins and Consequences of Affective Polarization in the United States},
	volume = {22},
	year = {2019}}

@misc{kyip,
	author = {Suriyan Laohaprapanon and Gaurav Sood},
	note = {Available at \url{https://github.com/themains/know\_your\_ip}},
	title = {Know Your IP},
	version = {0.1.8},
	year = {2018}}

@article{pew_education,
	author = {Kim Parker},
	date-added = {2020-03-05 13:55:34 -0500},
	date-modified = {2020-03-05 13:55:50 -0500},
	journal = {Pew Research Center},
	month = {August},
	note = {\url{https://www.pewsocialtrends.org/essay/the-growing-partisan-divide-in-views-of-higher-education/}},
	title = {The Growing Partisan Divide in Views of Higher Education},
	year = {2019}}

@book{sniderman1993scar,
	address = {Cambridge, MA},
	author = {Paul Sniderman},
	date-added = {2020-03-05 14:01:10 -0500},
	date-modified = {2020-03-05 14:01:51 -0500},
	publisher = {Harvard University Press},
	title = {The Scar of Race},
	year = {1993}}

@article{barry2004nyt,
	author = {Dave Barry},
	date-added = {2020-03-05 13:55:34 -0500},
	date-modified = {2020-03-05 13:55:50 -0500},
	journal = {The Chicago Tribune},
	month = {January},
	note = {\url{https://www.chicagotribune.com/news/ct-xpm-2005-01-09-0501090449-story.html}},
	title = {The States We're In},
	year = {2005}}

@article{ditonto2013AMPing,
	author = {Tessa M. Ditonto and Richard R. Lau and David O. Sears},
	date-added = {2020-02-26 08:30:21 -0500},
	date-modified = {2020-02-26 08:31:20 -0500},
	journal = {Political Psychology},
	number = {4},
	pages = {487-510},
	title = {AMPing Racial Attitudes: Comparing the Power of Explicit and Implicit Racism Measures in 2008},
	volume = {34},
	year = {2013}}

@article{carmines2011on,
	author = {Edward G. Carmines and Paul M. Sniderman and Beth C. Easter},
	date-added = {2020-02-26 08:28:00 -0500},
	date-modified = {2020-02-26 08:29:33 -0500},
	journal = {The Annals of the American Academy},
	pages = {98-116},
	title = {On the Meaning, Measurement, and Implications of Racial Resentment},
	volume = {634},
	year = {2011}}

@article{gilens1996poq,
	author = {Martin Gilens},
	date-added = {2020-02-19 10:58:36 -0500},
	date-modified = {2020-02-19 10:59:23 -0500},
	journal = {Public Opinion Quarterly},
	pages = {515-541},
	title = {Race and Poverty in America: Public Misperceptions and the American News Media},
	volume = {60},
	year = {1996}}

@article{gilens1995racial,
	author = {Martin Gilens},
	date-added = {2020-02-19 10:51:47 -0500},
	date-modified = {2020-02-19 10:52:23 -0500},
	journal = {The Journal of Politics},
	number = {4},
	pages = {994-1014},
	title = {Racial Attitudes and Opposition to Welfare},
	volume = {57},
	year = {1995}}

@article{gilens1996race,
	author = {Martin Gilens},
	date-added = {2020-02-19 10:50:49 -0500},
	date-modified = {2020-02-19 10:51:43 -0500},
	journal = {American Political Science Review},
	number = {3},
	pages = {593-604},
	title = {``Race Coding'' and White Opposition to Welfare},
	volume = {90},
	year = {1996}}

@unpublished{bernhard2019wearing,
	author = {Rachel Bernhard},
	date-added = {2020-02-19 10:33:48 -0500},
	date-modified = {2020-02-19 10:35:42 -0500},
	note = {Working paper: University of California, Davis},
	title = {Wearing the Pants? Gendered Leadership Styles, Partisanship, and Candidate Evaluations},
	year = {2019}}

@article{huddy1993gender,
	author = {Leonie Huddy and Nadya Terkildsen},
	date-added = {2020-02-19 10:33:05 -0500},
	date-modified = {2020-02-19 10:33:45 -0500},
	journal = {American Journal of Political Science},
	number = {1},
	pages = {119-147},
	title = {Gender Stereotypes and the Perception of Male and Female Candidates},
	volume = {71},
	year = {1993}}

@article{ditonto2014gender,
	author = {Tessa Ditonto and Allison J. Hamilton and David P. Redlawsk},
	date-added = {2020-02-19 10:31:58 -0500},
	date-modified = {2020-02-19 10:33:03 -0500},
	journal = {Political Behavior},
	number = {2},
	pages = {335-358},
	title = {Gender Stereotypes, Information Search, and Voting Behavior in Political Campaigns},
	volume = {36},
	year = {2014}}

@article{peffley1997racial,
	author = {Mark Peffley and Jon Hurwitz and Paul M. Sniderman},
	date-added = {2020-02-19 10:30:39 -0500},
	date-modified = {2020-02-19 10:31:42 -0500},
	journal = {American Journal of Political Science},
	number = {1},
	pages = {30-60},
	title = {Racial Stereotypes and Whites' Political Views of Blacks in the Context of Welfare and Crime},
	volume = {41},
	year = {1997}}

@article{sides2013stereotypes,
	author = {John Sides and Kimberly Gross},
	date-added = {2020-02-19 10:29:28 -0500},
	date-modified = {2020-02-19 10:30:36 -0500},
	journal = {The Journal of Politics},
	number = {3},
	pages = {583-598},
	title = {Stereotypes of Muslims and Support for the War on Terror},
	volume = {75},
	year = {2013}}

@article{tessler2003arab,
	author = {Mark Tessler},
	date-added = {2020-02-19 10:28:00 -0500},
	date-modified = {2020-02-19 10:29:24 -0500},
	journal = {International Studies Perspectives},
	number = {2},
	pages = {175-181},
	title = {Arab and Muslim Political Attitudes: Stereotypes and Evidence from Survey Research},
	volume = {4},
	year = {2003}}

@article{edwards1940four,
	author = {Allen L. Edwards},
	date-added = {2020-02-19 10:19:16 -0500},
	date-modified = {2020-02-19 10:27:52 -0500},
	journal = {The Journal of Abnormal and Social Psychology},
	number = {4},
	pages = {566-572},
	title = {Four Dimensions in Political Stereotypes},
	volume = {35},
	year = {1940}}

@article{weller2012development,
	author = {Joshua A. Weller and Nathan F. Dieckmann and Martin Tusler and C.K. Mertz and William J. Burns and Ellen Peters},
	date-added = {2020-02-05 13:42:48 -0500},
	date-modified = {2020-02-05 13:43:53 -0500},
	journal = {Journal of Behavioral Decision Making},
	pages = {198-212},
	title = {Development and Testing of an Abbreviated Numeracy Scale: A Rasch Analysis Approach},
	volume = {26},
	year = {2013}}

@article{citrin1990self,
	author = {Jack Citrin and Donald Philip Green},
	date-added = {2020-01-29 13:44:17 -0500},
	date-modified = {2020-01-29 13:44:52 -0500},
	journal = {Research in Micropolitics},
	number = {1},
	pages = {1-28},
	title = {The Self-Interest Motive in American Public Opinion},
	volume = {3},
	year = {1990}}

@book{mason2018uncivil,
	address = {Chicago},
	author = {Lilliana Mason},
	date-added = {2020-01-29 09:44:59 -0500},
	date-modified = {2020-01-29 09:45:46 -0500},
	publisher = {University of Chicago Press},
	title = {Uncivil Agreement: How Politics Became Our Identity},
	year = {2018}}

@article{baldassare2019ppic,
	author = {Mark Baldassare and Dean Bonner and Alyssa Dykman and Rachel Lawler},
	journal = {Public Policy Institute of California},
	note = {\url{https://www.ppic.org/publication/race-and-voting-in-california/}},
	title = {Just the Facts: Race and Voting in California},
	volume = {August},
	year = {2018}}

@article{edsall2019why,
	author = {Thomas B. Edsall},
	journal = {The New York Times},
	note = {\url{https://www.nytimes.com/2019/04/03/opinion/latino-voters.html}},
	title = {Why Aren't Democrats Winning the Latino Vote 80-20 or 90-10?},
	volume = {3 April},
	year = {2019}}

@article{tyson2018pew,
	author = {Alec Tyson},
	journal = {Pew Research Center FactTank},
	note = {\url{https://www.pewresearch.org/fact-tank/2018/11/08/the-2018-midterm-vote-divisions-by-race-gender-education/}},
	title = {The 2018 Midterm Vote: Divisions by Race, Gender, Education},
	volume = {8 November},
	year = {2018}}

@book{kinder2010us,
	address = {Chicago},
	author = {Donald R. Kinder and Cindy D. Kam},
	date-added = {2019-08-21 10:36:11 -0400},
	date-modified = {2019-08-21 10:37:27 -0400},
	publisher = {University of Chicago Press},
	title = {Us Against Them: Ethnocentric Foundations of American Opinion},
	year = {2010}}

@article{lepore1997category,
	author = {Lorella Lepore and Rupert Brown},
	date-added = {2019-08-19 13:56:39 -0400},
	date-modified = {2019-08-19 13:57:29 -0400},
	journal = {Journal of Personality and Social Psychology},
	number = {2},
	pages = {275-287},
	title = {Category and Stereotype Activation: Is Prejudice Inevitable?},
	volume = {72},
	year = {1997}}

@article{dancey2016inferences,
	author = {Logan Dancey and Geoffrey Sheagley},
	date-added = {2019-08-19 13:47:39 -0400},
	date-modified = {2019-08-19 13:48:53 -0400},
	journal = {American Politics Research},
	number = {5},
	pages = {844-874},
	title = {Inferences Made Easy: Partisan Voting in Congress, Voter Awareness, and Senator Approval},
	volume = {44},
	year = {2016}}

@inproceedings{sides2007b,
	author = {Sides, John and Citrin, Jack},
	booktitle = {annual meeting of the Midwest Political Science Association, Chicago, IL},
	date-added = {2019-08-19 13:19:49 -0400},
	date-modified = {2019-08-19 13:19:49 -0400},
	title = {How large the huddled masses? The causes and consequences of public misperceptions about immigrant populations},
	year = {2007}}

@book{ANES,
	address = {Ann Arbor, MI},
	institution = {The American National Election Studies (www.electionstudies.org)},
	publisher = {University of Michigan, Center for Political Studies},
	title = {The ANES Guide to Public Opinion and Electoral Behavior},
	year = {2016}}

@book{pew_religion,
	author = {Pew},
	publisher = {Pew Research Center},
	title = {Nones on the Rise: One-in-Five Adults Have No Religious Affiliation},
	year = {2012}}

@article{fitzsimmons2018record,
	author = {Tim Fitzsimmons},
	journal = {NBC News},
	title = {Record LGBT support for Democrats in midterms, NBC News Exit Poll shows},
	url = {https://www.nbcnews.com/feature/nbc-out/record-lgbt-support-democrats-midterms-nbc-news-exit-poll-shows-n934211},
	volume = {8 November},
	year = {2018},
	Bdsk-Url-1 = {https://www.nbcnews.com/feature/nbc-out/record-lgbt-support-democrats-midterms-nbc-news-exit-poll-shows-n934211}}

@article{webster2017ideological,
	author = {Steven W. Webster and Alan I. Abramowitz},
	date-added = {2019-08-18 17:28:42 -0400},
	date-modified = {2019-08-18 17:28:42 -0400},
	journal = {American Politics Research},
	number = {4},
	pages = {621-647},
	title = {The Ideological Foundations of Affective Polarization in the U.S. Electorate},
	volume = {45},
	year = {2017}}

@misc{orr2018policy,
	author = {Lilla V. Orr and Gregory A. Huber},
	date-added = {2019-08-18 17:19:27 -0400},
	date-modified = {2019-08-18 17:21:39 -0400},
	howpublished = {Working paper},
	month = {2018},
	title = {The Policy Basis of Measured Partisan Animosity in the United States}}

@conference{ahler2019turk_nyu,
	address = {New York},
	author = {Douglas J. Ahler and Carolyn E. Roush and Gaurav Sood},
	booktitle = {12th Annual NYU-CESS Experimental Political Science Conference},
	date-added = {2019-08-18 16:20:08 -0400},
	date-modified = {2019-08-18 16:20:08 -0400},
	month = {February},
	title = {The Micro-Task Market for Lemons: Data Quality on Amazon's Mechanical Turk},
	year = {2019}}

@conference{lopezhillygus_2018,
	address = {Chicago},
	author = {Jesse Lopez and D. Sunshine Hillygus},
	booktitle = {Annual Meeting of the Midwest Political Science Association},
	date-added = {2019-08-18 16:18:19 -0400},
	date-modified = {2019-08-18 16:18:19 -0400},
	month = 4,
	title = {Why So Serious? Survey Trolls and Misinformation},
	year = {2018}}

@misc{bai_2018,
	author = {Hui Bai},
	date-added = {2019-08-18 16:14:01 -0400},
	date-modified = {2019-08-18 16:14:01 -0400},
	howpublished = {Available at \url{https://www.maxhuibai.com/blog/evidence-that-responses-from-repeating-gps-are-random}},
	title = {Evidence that a Large Amount of Low Quality Responses on MTurk Can be Detected with Repeated GPS Coordinates},
	year = {2018}}

@misc{ryan_2018,
	author = {Timothy J. Ryan},
	date-added = {2019-08-18 16:13:49 -0400},
	date-modified = {2019-08-18 16:13:49 -0400},
	howpublished = {Available at \url{http://timryan.web.unc.edu/2018/08/12/data-contamination-on-mturk/}},
	title = {Data Contamination on MTurk},
	year = {2018}}

@article{thompson2014which,
	author = {Derek Thompson},
	journal = {The Atlantic},
	title = {Which Sports Have the Whitest/Richest/Oldest Fans?},
	volume = {10 February},
	year = {2014}}

@article{messer1993another,
	author = {Wayne S. Messer and Richard A. Griggs},
	date-added = {2019-08-13 16:08:08 -0400},
	date-modified = {2019-08-13 16:08:48 -0400},
	journal = {Bulletin of the Psychonomic Society},
	number = {3},
	pages = {193-196},
	title = {Another Look at Linda},
	volume = {31},
	year = {1993}}

@incollection{hauser2019common,
	address = {Philadelphia},
	author = {David Hauser and Gabriele Paolacci and Jesse J. Chandler},
	booktitle = {Handbook of Research Methods in Consumer Psychology},
	chapter = {17},
	date-added = {2019-08-13 15:36:40 -0400},
	date-modified = {2019-08-13 15:40:32 -0400},
	edition = {1},
	editor = {Frank R. Kardes and Paul M. Herr and Norbert Schwarz},
	publisher = {Routledge},
	title = {Common Concerns with MTurk as a Participant Pool: Evidence and Solutions"},
	year = {2019}}

@article{tversky1983extension,
	author = {Tversky, Amos and Kahneman, Daniel},
	journal = {Psychological review},
	number = {4},
	pages = {293},
	publisher = {American Psychological Association},
	title = {Extensional versus intuitive reasoning: The conjunction fallacy in probability judgment.},
	volume = {90},
	year = {1983}}

@inproceedings{ahler2018forum,
	author = {Ahler, Douglas J},
	booktitle = {The Forum},
	number = {1},
	organization = {De Gruyter},
	pages = {3--22},
	title = {The Group Theory of Parties: Identity Politics, Party Stereotypes, and Polarization in the 21st Century},
	volume = {16},
	year = {2018}}

@article{eberhardt2004seeing,
	author = {Eberhardt, Jennifer L and Goff, Phillip Atiba and Purdie, Valerie J and Davies, Paul G},
	journal = {Journal of personality and social psychology},
	number = {6},
	pages = {876},
	publisher = {American Psychological Association},
	title = {Seeing Black: Race, crime, and visual processing.},
	volume = {87},
	year = {2004}}

@article{ahler2018parties,
	author = {Ahler, Douglas J and Sood, Gaurav},
	journal = {The Journal of Politics},
	number = {3},
	pages = {000--000},
	publisher = {University of Chicago Press Chicago, IL},
	title = {The parties in our heads: Misperceptions about party composition and their consequences},
	volume = {80},
	year = {2018}}

@article{mcconnell2018economic,
	author = {McConnell, Christopher and Margalit, Yotam and Malhotra, Neil and Levendusky, Matthew},
	journal = {American Journal of Political Science},
	number = {1},
	pages = {5--18},
	publisher = {Wiley Online Library},
	title = {The economic consequences of partisanship in a polarized era},
	volume = {62},
	year = {2018}}

@incollection{ahler2017,
	author = {Ahler, Doug and Gaurav Sood},
	booktitle = {Misinformation and Mass Audiences},
	date-modified = {2020-02-21 11:14:15 -0500},
	editor = {Brian Southwell and Emily Thorson and Laura Scheble},
	pages = {71-90},
	publisher = {University of Texas Press},
	title = {Measuring Perceptions of Shares of Salient and Stereotypical Groups},
	year = {2017}}

@article{zaller2012nature,
	author = {Zaller, John},
	journal = {Critical Review},
	number = {4},
	pages = {569--642},
	publisher = {Taylor \& Francis},
	title = {What nature and origins leaves out},
	volume = {24},
	year = {2012}}

@article{kuo2017social,
	author = {Kuo, Alexander and Malhotra, Neil and Mo, Cecilia Hyunjung},
	journal = {The Journal of Politics},
	number = {1},
	pages = {000--000},
	publisher = {University of Chicago Press Chicago, IL},
	title = {Social Exclusion and Political Identity: The Case of Asian American Partisanship},
	volume = {79},
	year = {2017}}

@article{huddy2016political,
	author = {Huddy, Leonie and Mason, Lilliana and Horwitz, S Nechama},
	journal = {RSF},
	publisher = {Russell Sage Foundation},
	title = {Political Identity Convergence: On Being Latino, Becoming a Democrat, and Getting Active},
	year = {2016}}

@article{mason2016cross,
	author = {Lilliana Mason},
	date-added = {2017-06-01 17:54:46 +0000},
	date-modified = {2017-06-01 17:56:00 +0000},
	journal = {Public Opinion Quarterly},
	number = {S1},
	pages = {351-377},
	title = {A Cross-Cutting Calm: How Social Sorting Drives Affective Polarization},
	volume = {80},
	year = {2016}}

@article{theodoridis2017me,
	author = {Alexander G. Theodoridis},
	date-added = {2017-05-31 19:01:15 +0000},
	date-modified = {2017-05-31 19:02:02 +0000},
	journal = {The Journal of Politics},
	title = {Me, Myself, and (I), (D), or (R)? Partisanship and Political Cognition through the Lens of Implicit Identity},
	year = {Forthcoming}}

@article{goggin2017disputed,
	author = {Stephen N. Goggin and Alexander G. Theodoridis},
	date-added = {2017-05-31 19:00:13 +0000},
	date-modified = {2020-02-21 10:28:53 -0500},
	journal = {Political Behavior},
	number = {3},
	pages = {675-702},
	title = {Disputed Ownership: Parties, Issues, and Traits in the Minds of Voters},
	volume = {39},
	year = {2017}}

@article{broockman2016durably,
	author = {David Broockman and Joshua Kalla},
	date-added = {2017-02-23 17:37:21 +0000},
	date-modified = {2017-02-23 17:38:36 +0000},
	journal = {Science},
	pages = {220-224},
	title = {Durably reducing transphobia: A field experiment on door-to-door canvassing},
	volume = {352},
	year = {2016}}

@article{brewer2005social,
	author = {Marilynn B. Brewer and Kathleen P. Pierce},
	date-added = {2017-02-21 19:38:10 +0000},
	date-modified = {2017-02-21 19:38:55 +0000},
	journal = {Personality and Social Psychology Bulletin},
	number = {3},
	pages = {428-437},
	title = {Social Identity Complexity and Outgroup Tolerance},
	volume = {31},
	year = {2005}}

@inproceedings{roush2016,
	address = {Philadelphia},
	author = {Carolyn E. Roush},
	booktitle = {Annual Meeting of the American Political Science Association},
	date-added = {2017-02-17 20:21:05 +0000},
	date-modified = {2017-02-17 20:22:24 +0000},
	title = {Believing the Worst: Out-Party Hostility and Receptiveness to Political Misinformation},
	year = {2016}}

@incollection{norman1979perception,
	author = {Donald A. Norman},
	booktitle = {Perspectives on Memory Research},
	date-added = {2017-02-17 17:59:53 +0000},
	date-modified = {2017-02-17 18:03:35 +0000},
	editor = {Lars-G\"oran Nilsson},
	pages = {121-142},
	publisher = {Lawrence Erlbaum Associates},
	title = {Perception, Memory, and Mental Processes},
	year = {1979}}

@article{lodge1986partisan,
	author = {Milton Lodge and Ruth Hamill},
	date-added = {2017-02-17 17:56:05 +0000},
	date-modified = {2017-02-17 17:56:46 +0000},
	journal = {American Political Science Review},
	number = {2},
	pages = {505-520},
	title = {A Partisan Schema for Political Information Processing},
	volume = {80},
	year = {1986}}

@book{gamm1989making,
	address = {Chicago},
	author = {Gerald H. Gamm},
	date-added = {2017-02-17 16:21:59 +0000},
	date-modified = {2017-02-17 16:21:59 +0000},
	publisher = {University of Chicago Press},
	title = {The Making of New Deal Democrats: Voting Behavior and Realignment in Boston, 1920-1940},
	year = {1989}}

@article{kahneman1972subjective,
	author = {Kahneman, Daniel and Tversky, Amos},
	journal = {Cognitive psychology},
	number = {3},
	pages = {430--454},
	publisher = {Elsevier},
	title = {Subjective probability: A judgment of representativeness},
	volume = {3},
	year = {1972}}

@book{ellis2012ideology,
	address = {New York},
	author = {Christopher Ellis and James A. Stimson},
	date-added = {2016-09-08 19:03:37 +0000},
	date-modified = {2016-09-08 19:04:09 +0000},
	publisher = {Cambridge University Press},
	title = {Ideology in America},
	year = {2012}}

@incollection{stangor2000stereotypes,
	address = {Philadelphia},
	author = {Charles Stangor and Mark Schaller},
	booktitle = {Stereotypes and Prejudice: Essential Readings},
	date-added = {2016-09-08 17:28:33 +0000},
	date-modified = {2016-09-08 17:30:47 +0000},
	editor = {Charles Stangor},
	pages = {64-82},
	publisher = {Psychology Press},
	title = {Stereotypes as Individual and Collective Representations},
	year = {2000}}

@article{bordalo2016stereotypes,
	author = {Pedro Bordalo and Katherine Coffman and Nicola Gennaioli and Andrei Shleifer},
	date-added = {2016-09-08 17:26:18 +0000},
	date-modified = {2019-08-28 13:55:31 -0400},
	journal = {Quarterly Journal of Economics},
	number = {4},
	pages = {1753-1794},
	title = {Stereotypes},
	volume = {131},
	year = {2016}}

@inproceedings{busby2016what,
	address = {Philadelphia},
	author = {Ethan Busby and Adam Howat and Jacob Rothschild and Richard Shafranek},
	booktitle = {Annual Meeting of the American Political Science Association},
	date-added = {2016-09-08 15:43:57 +0000},
	date-modified = {2017-06-01 18:05:17 +0000},
	month = {September},
	title = {What are They Like? Stereotypes of Party Supporters},
	year = {2016}}

@article{green1998macropartisanship,
	author = {Donald Green and Bradley Palmquist and Eric Schickler},
	date-added = {2016-09-08 15:36:58 +0000},
	date-modified = {2016-09-08 15:38:11 +0000},
	journal = {American Political Science Review},
	number = {4},
	pages = {883-899},
	title = {Macropartisanship: A Replication and Critique},
	volume = {92},
	year = {1998}}

@unpublished{freeder2016what,
	author = {Sean Freeder and Gabriel S. Lenz and Shad Turney},
	date-added = {2016-09-08 15:31:28 +0000},
	date-modified = {2016-09-08 15:34:55 +0000},
	note = {Working paper},
	title = {What Goes with What: Reinterpreting the Evidence on Attitude Stability, Policy Voting, and Multi-Item Issue Scales},
	year = {2016}}

@article{niemi1991issues,
	author = {Richard G. Niemi and M. Kent Jennings},
	date-added = {2016-09-08 15:28:22 +0000},
	date-modified = {2016-09-08 15:29:16 +0000},
	journal = {American Journal of Political Science},
	number = {4},
	pages = {970-988},
	title = {Issues and Inheritance in the Formation of Party Identification},
	volume = {35},
	year = {1991}}

@article{mackuen1989macropartisanship,
	author = {Michael B. MacKuen and Robert S. Erikson and James A. Stimson},
	date-added = {2016-09-08 15:16:02 +0000},
	date-modified = {2016-09-08 15:17:11 +0000},
	journal = {American Political Science Review},
	number = {4},
	pages = {1125-1142},
	title = {Macropartisanship},
	volume = {83},
	year = {1989}}

@article{markus1979political,
	author = {Gregory B. Markus},
	date-added = {2016-09-08 15:14:32 +0000},
	date-modified = {2016-09-08 15:15:14 +0000},
	journal = {American Journal of Political Science},
	number = {2},
	pages = {338-359},
	title = {The Political Environment and the Dynamics of Public Attitudes: A Panel Study},
	volume = {23},
	year = {1979}}

@article{franklin1984issue,
	author = {Charles H. Franklin},
	date-added = {2016-09-08 15:13:10 +0000},
	date-modified = {2016-09-08 15:13:49 +0000},
	journal = {American Journal of Political Science},
	number = {3},
	pages = {459-478},
	title = {Issue Preferences, Socialization, and the Evolution of Party Identification},
	volume = {28},
	year = {1984}}

@article{armstrong1992tv,
	author = {Armstrong, G Blake and Neuendorf, Kimberly A},
	journal = {Journal of Communication},
	number = {3},
	pages = {153--176},
	publisher = {Wiley Online Library},
	title = {TV entertainment, news, and racial perceptions of college students},
	volume = {42},
	year = {1992}}

@article{busselle2002television,
	author = {Busselle, Rick and Crandall, Heather},
	journal = {Journal of Broadcasting \& Electronic Media},
	number = {2},
	pages = {265--282},
	publisher = {Taylor \& Francis},
	title = {Television viewing and perceptions about race differences in socioeconomic success},
	volume = {46},
	year = {2002}}

@misc{entman2000black,
	author = {Entman, Robert and Rojecki, Andrew},
	publisher = {Chicago: University of Chicago Press},
	title = {The Black image in the White mind: Race and media in America},
	year = {2000}}

@article{matei2001fear,
	author = {Matei, Sorin and Ball-Rokeach, Sandra J and Qiu, Jack Linchuan},
	journal = {Communication Research},
	number = {4},
	pages = {429--463},
	publisher = {Sage Publications},
	title = {Fear and misperception of Los Angeles urban space a spatial-statistical study of communication-shaped mental maps},
	volume = {28},
	year = {2001}}

@article{matei2005watts,
	author = {Matei, Sorin Adam and Ball-Rokeach, Sandra},
	journal = {Communication Monographs},
	number = {3},
	pages = {301--323},
	publisher = {Citeseer},
	title = {Watts, the 1965 Los Angeles riots, and the communicative construction of the fear epicenter of Los Angeles},
	volume = {72},
	year = {2005}}

@article{dawes1993equating,
	author = {Robyn M. Dawes and Herbert L. Mirels and Eric Gold and Eileen Donahue},
	date-added = {2016-06-03 19:48:12 +0000},
	date-modified = {2016-06-03 19:49:45 +0000},
	journal = {Psychological Science},
	number = {6},
	pages = {396-400},
	title = {Equating Inverse Probabilities in Implicit Personality Judgments},
	volume = {4},
	year = {1993}}

@article{kinder1981prejudice,
	author = {Donald R. Kinder and David O. Sears},
	date-added = {2016-06-02 18:03:42 +0000},
	date-modified = {2017-06-01 17:58:39 +0000},
	journal = {Journal of Personality and Social Psychology},
	number = {3},
	pages = {414-431},
	title = {Prejudice and Politics: Symbolic Racism Versus Racial Threats to the Good Life},
	volume = {40},
	year = {1981}}

@book{achen2016democracy,
	address = {Princeton, NJ},
	author = {Christopher H. Achen and Larry M. Bartels},
	date-added = {2016-05-21 00:42:42 +0000},
	date-modified = {2016-05-21 00:43:36 +0000},
	publisher = {Princeton University Press},
	title = {Democracy for Realists: Why Elections Do Not Produce Responsive Government},
	year = {2016}}

@book{carnes2013white,
	author = {Carnes, Nicholas},
	date-added = {2016-05-06 23:34:48 +0000},
	date-modified = {2016-05-06 23:34:48 +0000},
	publisher = {University of Chicago Press},
	title = {White-collar government: The hidden role of class in economic policy making},
	year = {2013}}

@article{plant2009decreasing,
	author = {E. Ashby Plant and Patricia G. Devine and William T. L. Cox and Corey Columb and Saul L. Miller and Joanna Goplen and B. Michelle Peruche},
	date-added = {2016-05-06 23:34:48 +0000},
	date-modified = {2016-05-06 23:34:48 +0000},
	journal = {Journal of Experimental Social Psychology},
	number = {4},
	pages = {961-964},
	title = {The Obama Effect: Decreasing Implicit Prejudice and Stereotyping},
	volume = {45},
	year = {2009}}

@article{halberstam2014homophily,
	author = {Yosh Halberstam and Brian Knight},
	date-added = {2016-05-06 23:34:48 +0000},
	date-modified = {2016-05-06 23:34:48 +0000},
	journal = {NBER Working Paper},
	title = {Homophily, Group Size, and the Diffusion of Political Information in Social Networks: Evidence from Twitter},
	volume = {20861},
	year = {2014}}

@incollection{gilovich1981like,
	author = {Thomas Gilovich and Kenneth Savitsky},
	booktitle = {The Skeptical Inquirer},
	date-added = {2016-05-06 23:34:48 +0000},
	date-modified = {2016-05-06 23:34:48 +0000},
	number = {2},
	pages = {34-40},
	title = {Like Goes with Like: The Role of Representativeness in Erroneous and Pseudoscientific Beliefs},
	volume = {20},
	year = {1996}}

@incollection{taylor1981categorization,
	address = {New York},
	author = {Shelley E. Taylor},
	booktitle = {Cognitive Processes in Stereotyping and Intergroup Behavior},
	date-added = {2016-05-06 23:34:48 +0000},
	date-modified = {2016-05-06 23:34:48 +0000},
	editor = {David L. Hamilton},
	publisher = {Psychology Press},
	title = {A Categorization Approach to Stereotyping},
	year = {1981}}

@book{pew_polarization,
	author = {Pew},
	date-added = {2016-05-06 23:34:48 +0000},
	date-modified = {2016-05-06 23:34:48 +0000},
	month = {June},
	publisher = {Pew Research Center},
	title = {Political Polarization in the American Public: How Increasing Ideological Uniformity and Partisan Antipathy Affect Politics, Compromise, and Everyday Life},
	year = {2014}}

@book{hetherington2015washington,
	author = {Hetherington, Marc J and Rudolph, Thomas J},
	date-added = {2016-05-06 23:34:48 +0000},
	date-modified = {2016-05-06 23:34:48 +0000},
	publisher = {University of Chicago Press},
	title = {Why Washington Won't Work: Polarization, Political Trust, and the Governing Crisis},
	volume = {104},
	year = {2015}}

@article{HuddyMasonAaroe,
	author = {Leonie Huddy and Lilliana Mason and Lene Aaroe},
	date-added = {2016-05-06 23:34:48 +0000},
	date-modified = {2016-05-06 23:34:48 +0000},
	journal = {American Political Science Review},
	number = {1},
	pages = {1-17},
	title = {Expressive Partisanship: Campaign Involvement, Political Emotion, and Partisan Identity},
	volume = {109},
	year = {2015}}

@article{LevenduskyMalhotra2013,
	author = {Matthew S. Levendusky and Neil A. Malhotra},
	date-added = {2016-05-06 23:34:48 +0000},
	date-modified = {2016-05-19 18:07:53 +0000},
	journal = {Public Opinion Quarterly},
	title = {(Mis)perceptions of Partisan Polarization in the American Public},
	year = {2015}}

@incollection{malle2011time,
	address = {Burlington, VT},
	author = {Bertram F. Malle},
	booktitle = {Advances of Experimental Social Psychology},
	date-added = {2016-04-29 21:32:03 +0000},
	date-modified = {2016-04-29 21:34:45 +0000},
	editor = {J.M. Olson and M.P. Zanna},
	pages = {297-352},
	publisher = {Academic Press},
	title = {Time to Give Up the Dogmas of Attribution: An Alternative Theory of Behavior Explanation},
	year = {2011}}

@article{soroka2012gatekeeping,
	author = {Stuart N. Soroka},
	date-added = {2016-04-29 19:08:10 +0000},
	date-modified = {2016-04-29 19:08:58 +0000},
	journal = {The Journal of Politics},
	number = {2},
	pages = {514-528},
	title = {The Gatekeeping Function: Distributions of Information in Media and the Real World},
	volume = {74},
	year = {2012}}

@book{perlstein_nixonland,
	address = {New York},
	author = {Rick Perlstein},
	date-added = {2016-04-29 01:28:45 +0000},
	date-modified = {2016-04-29 01:29:33 +0000},
	publisher = {Scribner},
	title = {Nixonland: The Rise of a President and the Fracturing of America},
	year = {2008}}

@book{safire,
	address = {Oxford},
	author = {William Safire},
	date-added = {2016-04-29 01:21:16 +0000},
	date-modified = {2016-04-29 01:22:27 +0000},
	publisher = {Oxford University Press},
	title = {Safire's Political Dictionary},
	year = {2008}}

@article{nyt_nixon,
	author = {{``Nixon Declares `Silent Majority' Backs His Speech; Shows Stacks of Telegrams of Support and a Small Pile of Hostile Ones; Nixon Is Elated by Big Response''}},
	journal = {The New York Times},
	volume = {5 Nov},
	year = {1969}}

@incollection{churchland1991folk,
	address = {New York},
	author = {Paul M. Churchland},
	booktitle = {The Future of Folk Psychology},
	date-added = {2016-04-28 01:12:50 +0000},
	date-modified = {2016-04-28 01:14:10 +0000},
	editor = {J.D. Greenwood},
	pages = {51-69},
	publisher = {Cambridge University Press},
	title = {Folk Psychology and the Explanation of Human Behavior},
	year = {1991}}

@book{klar2016independent,
	address = {New York},
	author = {Samara Klar and Yanna Krupnikov},
	date-added = {2016-04-27 02:47:11 +0000},
	date-modified = {2016-04-27 02:47:56 +0000},
	publisher = {Cambridge University Press},
	title = {Independent Politics: How American Disdain for Parties Leads to Political Inaction},
	year = {2016}}

@incollection{druckman2012students,
	address = {New York},
	author = {James N. Druckman and Cindy D. Kam},
	booktitle = {Handbook of Experimental Political Science},
	date-added = {2016-04-27 02:05:31 +0000},
	date-modified = {2016-04-27 02:06:59 +0000},
	editor = {James N. Druckman and Donald P. Green and James H. Kuklinski and Arthur Lupia},
	pages = {41-57},
	publisher = {Cambridge University Press},
	title = {Students as Experimental Participants: A Defense of the `Narrow Data Base'},
	year = {2012}}

@article{levendusky2016media,
	author = {Matthew Levendusky and Neil Malhotra},
	date-added = {2016-04-26 21:28:46 +0000},
	date-modified = {2016-04-26 21:29:46 +0000},
	journal = {Political Communication},
	number = {2},
	pages = {283-301},
	title = {Does Media Coverage of Partisan Polarization Affect Political Attitudes?},
	volume = {33},
	year = {2016}}

@unpublished{ahler2016polarization,
	author = {Douglas J. Ahler and David E. Broockman},
	date-added = {2016-04-26 21:19:57 +0000},
	date-modified = {2016-04-26 21:21:32 +0000},
	note = {Working paper},
	title = {Does Polarization Imply Poor Representation? A New Perspective on the ``Disconnect'' Between Politicians Does Polarization Imply Poor Representation? A New Perspective on the Disconnect Between Politicians and Voters},
	year = {2016}}

@article{tajfel1969,
	author = {Henri Tajfel},
	date-added = {2016-04-26 01:29:05 +0000},
	date-modified = {2016-04-26 01:30:05 +0000},
	journal = {Journal of Social Issues},
	number = {4},
	pages = {79-93},
	title = {Cognitive Aspects of Prejudice},
	volume = {25},
	year = {1969}}

@book{bartlett1932,
	address = {Cambridge},
	author = {Frederic C. Bartlett},
	date-added = {2016-04-26 01:22:40 +0000},
	date-modified = {2016-04-26 01:23:42 +0000},
	publisher = {Cambridge University Press},
	title = {Remembering: A Study in Experimental and Social Psychology},
	year = {1932}}

@article{gregory1968,
	author = {Richard L. Gregory},
	date-added = {2016-04-25 23:33:29 +0000},
	date-modified = {2016-04-25 23:35:40 +0000},
	journal = {Proceedings of the Royal Society B, Biological Sciences},
	pages = {279-296},
	title = {Perceptual Illusions and Brain Models},
	volume = {171},
	year = {1968}}

@article{weidner2007neural,
	author = {Ralph Weidner and Gereon R. Fink},
	date-added = {2016-04-25 23:22:35 +0000},
	date-modified = {2016-04-25 23:23:30 +0000},
	journal = {Cerebral Cortex},
	number = {4},
	pages = {878-884},
	title = {The Neural Mechanisms Underlying the M\:ueller-Lyer Illusion and Its Interaction with visuospatial Judgments},
	volume = {17},
	year = {2007}}

@article{howe2002range,
	author = {Catherine Q. Howe and Dale Purves},
	date-added = {2016-04-25 22:39:31 +0000},
	date-modified = {2016-04-25 22:40:42 +0000},
	journal = {Proceedings of the National Academy of Sciences},
	number = {20},
	pages = {13184-13188},
	title = {Range Image Statistics Can Explain the Anomolous Perception of Length},
	volume = {99},
	year = {2002}}

@article{dewar1967,
	author = {Robert E. Dewar},
	date-added = {2016-04-25 22:22:24 +0000},
	date-modified = {2016-04-25 22:25:44 +0000},
	journal = {Perceptual and Motor Skills},
	pages = {708-710},
	title = {Stimulus Determinants of the Magnitude of the M\"ueller-Lyer Illusion},
	volume = {24},
	year = {1967}}

@book{gregory1970intelligent,
	address = {London},
	author = {Richard L. Gregory},
	date-added = {2016-04-25 22:05:53 +0000},
	date-modified = {2016-04-25 22:06:30 +0000},
	publisher = {Weidenfeld and Nicholson},
	title = {The Intelligent Eye},
	year = {1970}}

@article{howe2004mueller,
	author = {Catherine Q. Howe and Dale Purves},
	date-added = {2016-04-25 21:24:01 +0000},
	date-modified = {2016-04-25 21:25:25 +0000},
	journal = {Proceedings of the National Academy of Sciences},
	number = {4},
	pages = {1234-1239},
	title = {The M\"uller-Lyer Illusion Explained by the Statistics of Image--Source Relationships},
	volume = {102},
	year = {2004}}

@book{gibson1979ecological,
	author = {James J. Gibson},
	date-added = {2016-04-25 20:53:13 +0000},
	date-modified = {2016-04-25 20:54:24 +0000},
	publisher = {Houghton Mifflin},
	title = {The Ecological Approach to Visual Perception},
	year = {1979}}

@book{hinton2016perception,
	author = {Perry R. Hinton},
	date-added = {2016-04-25 20:46:20 +0000},
	date-modified = {2016-04-25 20:46:37 +0000},
	publisher = {Routledge},
	title = {The Perception of People},
	year = {2016}}

@article{scheiber2013inevitable,
	author = {Noam Scheiber},
	journal = {The New Republic},
	title = {The Inevitable Republican Collapse That Will End the Shutdown},
	volume = {13 October},
	year = {2013}}

@book{apsa1950rpg,
	author = {{American Political Science Association. Committee on Political Parties}},
	date-added = {2016-04-23 17:56:46 +0000},
	date-modified = {2016-04-23 18:01:05 +0000},
	publisher = {Johnson Reprint Company},
	title = {Toward a More Responsible Two-Party System: A Report},
	year = {1950}}

@article{joseph2013gop,
	author = {Cameron Joseph},
	journal = {The Hill},
	title = {GOP Finds Its Shutdown Message},
	volume = {5 October},
	year = {2013}}

@article{stolberg2013federal,
	author = {Sheryl Gay Stolberg and Mike McIntyre},
	journal = {The New York Times},
	title = {A Federal Budget Crisis Months in the Planning},
	volume = {5 October},
	year = {2013}}

@article{flynn2015how,
	author = {D.J. Flynn and Laurel Harbridge},
	date-added = {2016-04-20 21:29:24 +0000},
	date-modified = {2016-04-20 21:32:13 +0000},
	journal = {American Politics Research},
	title = {How Partisan Conflict in Congress Affects Public Opinion: Strategies, Outcomes, and Issue Differences},
	year = {Forthcoming}}

@article{binder2015dysfunctional,
	author = {Sarah Binder},
	date-added = {2016-04-20 17:57:30 +0000},
	date-modified = {2016-04-20 17:58:15 +0000},
	journal = {Annual Review of Political Science},
	pages = {85-101},
	title = {The Dysfunctional Congress},
	volume = {18},
	year = {2015}}

@incollection{jamieson2000continuity,
	address = {Washington, DC},
	author = {Kathleen Hall Jamieson and Erika Falk},
	booktitle = {Polarized Politics: Congress and the President in a Partisan Era},
	date-added = {2016-04-20 17:48:01 +0000},
	date-modified = {2016-04-20 17:51:48 +0000},
	editor = {Jon R. Bond and Richard Fleisher},
	pages = {96-108},
	publisher = {Congressional Quarterly Press},
	title = {Continuity and Change in Civility in the House},
	year = {2000}}

@book{uslaner1993decline,
	address = {Ann Arbor, MI},
	author = {Eric M. Uslaner},
	date-added = {2016-04-20 17:46:11 +0000},
	date-modified = {2016-04-20 17:47:26 +0000},
	publisher = {University of Michican Press},
	title = {The Decline of Comity in Congress},
	year = {1993}}

@article{ranney1954toward,
	author = {Austin Ranney},
	date-added = {2016-04-20 17:43:02 +0000},
	date-modified = {2016-04-20 17:43:53 +0000},
	journal = {American Political Science Review},
	number = {2},
	pages = {488-499},
	title = {Toward A More Responsible Two-Party System: A Commentary},
	volume = {45},
	year = {1954}}

@book{marcus2000affective,
	address = {Chicago},
	author = {George E. Marcus and W. Russell Neuman and Michael MacKuen},
	date-added = {2016-04-01 18:32:10 +0000},
	date-modified = {2016-04-01 18:32:51 +0000},
	publisher = {University of Chicago Press},
	title = {Affective Intelligence and Political Judgment},
	year = {2000}}

@article{westen2006neural,
	author = {Drew Westen and Pavel S. Blagov and Keith Harenski and Clint Kilts and Stephan Hamann},
	date-added = {2016-04-01 18:25:45 +0000},
	date-modified = {2016-04-01 18:27:20 +0000},
	journal = {Journal of Cognitive Neuroscience},
	number = {11},
	pages = {1947-1958},
	title = {Neural Bases of Motivated Reasoning: An fMRI Study of Emotional Constraints on Partisan Political Judgment in the 2004 U.S. Presidential Election},
	volume = {18},
	year = {2006}}

@article{gallup_congress,
	author = {{``Congress and the Public''}},
	journal = {Gallup},
	note = {\url{http://www.gallup.com/poll/1600/congress-public.aspx}},
	volume = {7 February},
	year = {2016}}

@article{gallup_trust,
	author = {{``Trust in Government''}},
	journal = {Gallup},
	note = {\url{http://www.gallup.com/poll/5392/trust-government.aspx}},
	volume = {13 September},
	year = {2015}}

@article{burgess2013politico,
	author = {Burgess Everett},
	journal = {Politico},
	note = {\url{http://www.politico.com/story/2013/10/mitch-mcconnell-rand-paul-government-shutdown-097795}},
	title = {McConnell, Paul Caught on Hot Mic},
	volume = {3 October},
	year = {2013}}

@article{hicks2013how,
	author = {Josh Hicks},
	journal = {The Washington Post},
	title = {Federal Insider: How Much Did the Shutdown Cost the Economy?},
	volume = {18 October},
	year = {2013}}

@article{riffkin2014,
	author = {Rebecca Riffkin},
	journal = {Gallup},
	title = {Public Faith in Congress Falls Again, Hits Historic Low},
	url = {http://www.gallup.com/poll/171710/public-faith-congress-falls-again-hits-historic-low.aspx},
	volume = {June 19},
	year = {2014},
	Bdsk-Url-1 = {http://www.gallup.com/poll/171710/public-faith-congress-falls-again-hits-historic-low.aspx}}

@article{zeleny2008initial,
	author = {Zeleny, Jeff},
	journal = {The New York Times},
	title = {Initial Steps by Obama Suggest a Bipartisan Flair},
	volume = {23 November},
	year = {2008}}

@article{fahrenthold2016past,
	author = {Fahrenthold, David A.},
	journal = {The Washington Post},
	title = {The past, the future, ISIS and Trumpism dominate Obama's last State of the Union},
	volume = {12 January},
	year = {2016}}

@article{obama2008victory,
	author = {{```Change Has Come to America,' Obama Says''}},
	journal = {CNN.com},
	note = {\url{http://www.cnn.com/2008/POLITICS/11/04/obama/index.html?iref=topnews}},
	volume = {4 Nov},
	year = {2008}}

@book{lodge2013rationalizing,
	address = {New York},
	author = {Milton Lodge and Charles S. Taber},
	date-added = {2016-03-16 18:51:37 +0000},
	date-modified = {2016-05-07 00:37:36 +0000},
	publisher = {Cambridge University Press},
	title = {The Rationalizing Voter},
	year = {2013}}

@article{palmer2001surveys,
	author = {Harvey D. Palmer and Raymond M. Duch},
	date-added = {2016-03-16 18:50:27 +0000},
	date-modified = {2016-03-16 18:51:13 +0000},
	journal = {Political Analysis},
	number = {1},
	pages = {58-77},
	title = {Do Sureveys Provide Representative or Whimsical Assessments of the Economy?},
	volume = {9},
	year = {2001}}

@article{hainmueller2013causal,
	author = {Jens Hainmueller and Daniel J. Hopkins and Teppei Yamamoto},
	date-added = {2016-03-14 00:47:15 +0000},
	date-modified = {2016-03-14 00:48:41 +0000},
	journal = {Political Analysis},
	number = {1},
	pages = {1-30},
	title = {Causal Inference in Conjoint Analysis: Understanding Multidimensional Choices via Stated Preference Experiments},
	volume = {22},
	year = {2013}}

@article{ryan2016no,
	author = {Timothy J. Ryan},
	date-added = {2016-03-12 00:23:25 +0000},
	date-modified = {2016-03-12 00:25:08 +0000},
	journal = {American Journal of Political Science},
	title = {No Compromise: Political Consequences of Moralized Attitudes},
	year = {Forthcoming}}

@book{westen2007political,
	address = {New York},
	author = {Drew Westen},
	date-added = {2016-03-11 23:35:51 +0000},
	date-modified = {2016-03-11 23:37:41 +0000},
	publisher = {Public Affairs},
	title = {The Political Brain: The Role of Emotion in Deciding the Fate of the Nation},
	year = {2007}}

@incollection{ross1977intuitive,
	address = {New York},
	author = {Lee Ross},
	booktitle = {Advances in Experimental Social Psychology},
	date-added = {2016-03-11 23:22:42 +0000},
	date-modified = {2016-03-11 23:23:57 +0000},
	editor = {L. Berkowitz},
	pages = {173-220},
	publisher = {Academic Press},
	title = {The Intuitive Psychologist and His Shortcomings: Distortions in the Attribution Process},
	year = {1977}}

@book{hewstone1989causal,
	address = {Basil},
	author = {Miles Hewstone},
	date-added = {2016-03-11 23:21:53 +0000},
	date-modified = {2016-03-11 23:22:38 +0000},
	publisher = {Blackwell},
	title = {Causal Attribution: From Cognitive Processes to Collective Beliefs},
	year = {1989}}

@article{pettigrew1979ultimate,
	author = {Thomas F. Pettigrew},
	date-added = {2016-03-11 23:20:43 +0000},
	date-modified = {2016-03-11 23:21:41 +0000},
	journal = {Personality and Social Psychology Bulletin},
	number = {4},
	pages = {461-476},
	title = {The Ultimate Attribution Error: Extending Allport's Cognitive Analysis of Prejudice},
	volume = {5},
	year = {1979}}

@article{hibbing2001process,
	author = {John R. Hibbing and Elizabeth Theiss-Morse},
	date-added = {2016-03-11 21:11:15 +0000},
	date-modified = {2016-03-11 21:13:18 +0000},
	journal = {American Political Science Review},
	number = {1},
	pages = {145-153},
	title = {Process Preference and American Politics: What the People Want Government to Be},
	volume = {95},
	year = {2002}}

@book{kernell2006going,
	address = {Washington, DC},
	author = {Samuel Kernell},
	date-added = {2016-02-05 23:59:45 +0000},
	date-modified = {2016-02-06 00:00:59 +0000},
	edition = {4},
	publisher = {CQ Press},
	title = {Going Public: New Strategies of Presidential Leadership},
	year = {2006}}

@article{groseclose2001bargaining,
	author = {Tim Groseclose and Nolan McCarty},
	date-added = {2016-02-05 23:48:58 +0000},
	date-modified = {2016-02-05 23:49:36 +0000},
	journal = {American Journal of Political Science},
	number = {1},
	pages = {100-119},
	title = {The Politics of Blame: Bargaining Before an Audience},
	volume = {45},
	year = {2001}}

@article{woolley1991institutions,
	author = {John T. Woolley},
	date-added = {2016-02-05 23:47:48 +0000},
	date-modified = {2016-02-05 23:48:20 +0000},
	journal = {American Journal of Political Science},
	pages = {297-304},
	title = {Institutions, the Election Cycle, and the Presidential Veto},
	volume = {35},
	year = {1991}}

@article{rohde1985presidential,
	author = {David Rohde and Dennis M. Simon},
	date-added = {2016-02-05 23:46:12 +0000},
	date-modified = {2016-02-05 23:46:56 +0000},
	journal = {American Journal of Political Science},
	pages = {397-427},
	title = {Presidential Vetoes and Congressional Response: A Study of Institutional Conflict},
	volume = {29},
	year = {1985}}

@book{smith1988,
	address = {New York},
	author = {Hedrick Smith},
	date-added = {2016-02-05 23:43:25 +0000},
	date-modified = {2016-02-05 23:43:57 +0000},
	publisher = {Ballantine Books},
	title = {The Power Game: How Washington Works},
	year = {1988}}

@book{lee2016insecure,
	address = {Chicago},
	author = {Frances E. Lee},
	date-added = {2016-02-05 23:25:03 +0000},
	date-modified = {2016-02-05 23:25:37 +0000},
	publisher = {University of Chicago Press},
	title = {Insecure Majorities: Congress and the Perpetual Campaign},
	year = {2016}}

@article{harbridge2011electoral,
	author = {Laurel Harbridge and Neil Malhotra},
	date-added = {2016-02-05 23:05:43 +0000},
	date-modified = {2016-02-05 23:06:23 +0000},
	journal = {American Journal of Political Science},
	number = {3},
	pages = {494-510},
	title = {Electoral Incentives and Partisan Conflict in Congress: Evidence from Survey Experiments},
	volume = {55},
	year = {2011}}

@book{guttman2012spirit,
	address = {Princeton, NJ},
	author = {Amy Guttman and Dennis Thompson},
	date-added = {2016-02-05 22:45:04 +0000},
	date-modified = {2016-02-05 23:00:33 +0000},
	publisher = {Princeton University Press},
	title = {The Spirit of Compromise: Why Governing Demands It and Campaigning Undermines It},
	year = {2012}}

@incollection{hibbing2001means,
	address = {New York},
	author = {John R. Hibbing and Elizabeth Theiss-Morse},
	booktitle = {What is it About Governmen tthat Americans Dislike},
	date-added = {2016-01-29 01:23:25 +0000},
	date-modified = {2016-01-29 01:26:19 +0000},
	editor = {John R. Hibbing and Elizabeth Theiss-Morse},
	pages = {243-250},
	publisher = {Cambridge University Press},
	title = {The Measns \emph{Is} the End},
	volume = {1},
	year = {2001}}

@article{harbridge2014public,
	author = {Laurel Harbridge and Neil Malhotra and Brian F. Harrison},
	date-added = {2016-01-29 01:16:43 +0000},
	date-modified = {2016-01-29 01:17:40 +0000},
	journal = {Legislative Studies Quarterly},
	number = {3},
	pages = {327-355},
	title = {Public Preferences for Bipartisanship in the Policymaking Process},
	volume = {39},
	year = {2014}}

@incollection{hetherington_rbn,
	address = {Washington, DC},
	author = {Marc J. Hetherington},
	booktitle = {Red and Blue Nation},
	date-added = {2016-01-29 01:12:37 +0000},
	date-modified = {2016-01-29 01:16:09 +0000},
	edition = {2},
	editor = {Pietro S. Nivola and David W. Brady},
	pages = {1-33},
	publisher = {Brookings Institution Press},
	title = {Turned Off or Turned On? How Polarization Affects Political Engagement},
	volume = {2},
	year = {2008}}

@article{durr1997explaining,
	author = {Robert H. Durr and Andrew D. Martin and Christina Wolbrecht},
	date-added = {2016-01-28 21:33:58 +0000},
	date-modified = {2016-01-28 21:34:38 +0000},
	journal = {American Journal of Political Science},
	number = {1},
	pages = {175-207},
	title = {Explaining Congressional Approval},
	volume = {41},
	year = {1997}}

@article{ramirez2009,
	author = {Mark D. Ramirez},
	date-added = {2016-01-28 21:31:05 +0000},
	date-modified = {2016-01-28 21:31:48 +0000},
	journal = {American Journal of Political Science},
	number = {3},
	pages = {681-694},
	title = {The Dynamics of Partisan Conflict on Congressional Approval},
	volume = {53},
	year = {2009}}

@article{skocpol2012,
	author = {Theda Skocpol and Lawrence R. Jacobs},
	date-added = {2016-01-22 21:52:37 +0000},
	date-modified = {2016-01-22 21:53:32 +0000},
	journal = {Political Science Quarterly},
	number = {1},
	pages = {1-24},
	title = {Accomplished and Embattled: Understanding Obama's Presidency},
	volume = {127},
	year = {2012}}

@conference{jacobson2011,
	address = {Seattle, WA},
	author = {Gary C. Jacobson},
	booktitle = {Annual Meeting of the American Political Science Association},
	date-added = {2016-01-22 21:46:32 +0000},
	date-modified = {2016-01-22 21:47:44 +0000},
	title = {The President, the Tea Party, and Voting Behavior in 2010: Insights from the Cooperative Congressional Election Study},
	year = {2011}}

@book{grunwald2013,
	address = {New York},
	author = {Michael Grunwald},
	date-added = {2016-01-22 21:26:24 +0000},
	date-modified = {2016-01-22 21:27:28 +0000},
	publisher = {Simon \& Schuster},
	title = {The New Deal: The Hidden Story of Change in the Obama Era},
	year = {2013}}

@article{achen2002,
	author = {Achen, Christopher H},
	journal = {Political Behavior},
	number = {2},
	pages = {151--170},
	publisher = {Springer},
	title = {Parental socialization and rational party identification},
	volume = {24},
	year = {2002}}

@article{greenstein1965,
	author = {Greenstein, Fred},
	journal = {Political Socialization},
	pages = {56},
	publisher = {Transaction Publishers},
	title = {Children and Politics},
	year = {1965}}

@article{ansolabehere2008,
	author = {Ansolabehere, Stephen and Rodden, Jonathan and Snyder, James M},
	journal = {American Political Science Review},
	number = {02},
	pages = {215--232},
	publisher = {Cambridge Univ Press},
	title = {The strength of issues: Using multiple measures to gauge preference stability, ideological constraint, and issue voting},
	volume = {102},
	year = {2008}}

@article{arceneaux2009modeling,
	author = {Kevin Arceneaux and David W. Nickerson},
	date-added = {2015-09-01 17:27:47 +0000},
	date-modified = {2015-09-01 17:29:21 +0000},
	journal = {Political Analysis},
	number = {2},
	pages = {177-190},
	title = {Modeling Certainity with Clustered Data: A Comparison of Methods},
	volume = {17},
	year = {2009}}

@article{schickler1997stability,
	author = {Schickler, Eric and Green, Donald Philip},
	journal = {Comparative Political Studies},
	number = {4},
	pages = {450--483},
	publisher = {Sage Publications},
	title = {The Stability of Party Identification in Western Democracies Results from Eight Panel Surveys},
	volume = {30},
	year = {1997}}

@phdthesis{theodoridis_diss,
	address = {Berkeley, CA},
	author = {Alexander G. Theodoridis},
	date-added = {2015-08-12 18:23:17 +0000},
	date-modified = {2015-08-12 18:24:48 +0000},
	school = {University of California, Berkeley},
	title = {Party Identity in Political Cognition},
	year = {2012}}

@article{layman2002,
	author = {Geoffrey C. Layman and Thomas M. Carsey},
	date-added = {2015-08-12 18:21:02 +0000},
	date-modified = {2015-08-12 18:22:27 +0000},
	journal = {American Journal of Political Science},
	number = {4},
	pages = {786-802},
	title = {Party Polarization and ``Conflict Extension'' in the American Electorate},
	volume = {46},
	year = {2002}}

@article{goren2005,
	author = {Paul Goren},
	date-added = {2015-08-12 18:20:12 +0000},
	date-modified = {2015-08-12 18:20:54 +0000},
	journal = {American Journal of Political Science},
	number = {4},
	pages = {891-896},
	title = {Party Identification and Core Political Values},
	volume = {49},
	year = {2005}}

@article{johnston2006,
	author = {Richard Johnston},
	date-added = {2015-08-12 18:20:09 +0000},
	date-modified = {2015-08-12 18:20:09 +0000},
	journal = {Annual Review of Political Science},
	pages = {329-351},
	title = {Party Identification: Unmoved Mover or Sum of Preferences},
	volume = {9},
	year = {2006}}

@article{benjamini1995controlling,
	author = {Benjamini, Yoav and Hochberg, Yosef},
	journal = {Journal of the Royal Statistical Society. Series B (Methodological)},
	pages = {289--300},
	title = {Controlling the false discovery rate: a practical and powerful approach to multiple testing},
	year = {1995}}

@article{wilcox2003modern,
	author = {Wilcox, Rand R and Keselman, HJ},
	journal = {Psychological methods},
	number = {3},
	pages = {254},
	publisher = {American Psychological Association},
	title = {Modern robust data analysis methods: measures of central tendency.},
	volume = {8},
	year = {2003}}

@article{bawn2012theory,
	author = {Bawn, Kathleen and Cohen, Martin and Karol, David and Masket, Seth and Noel, Hans and Zaller, John},
	journal = {Perspectives on Politics},
	number = {03},
	pages = {571--597},
	publisher = {Cambridge Univ Press},
	title = {A theory of political parties: Groups, policy demands and nominations in American politics},
	volume = {10},
	year = {2012}}

@article{olmstead2013,
	author = {Olmstead, Kenneth and Jurkowitz, Mark and Mitchell, Amy and Enda, Jodi},
	journal = {Pew Research Journalism Project},
	title = {How Americans get TV news at home},
	year = {2013}}

@article{gentzkow2011,
	author = {Gentzkow, Matthew and Shapiro, Jesse M},
	journal = {The Quarterly Journal of Economics},
	number = {4},
	pages = {1799-1839},
	title = {Ideological segregation online and o ine},
	volume = {126},
	year = {2011}}

@inproceedings{luskin2013,
	author = {Luskin, Robert C and Sood, Gaurav and Blank, Joshua},
	booktitle = {Annual Meeting of the Midwest Political Science Association},
	title = {The Waters of Casablanca: Political Misinformation (and Knowledge and Ignorance)},
	year = {2013}}

@article{pasek2015,
	author = {Pasek, Josh and Sood, Gaurav and Krosnick, Jon},
	date-modified = {2016-06-03 19:56:50 +0000},
	journal = {Journal of Communication},
	title = {Misinformed About the Affordable Care Act? Leveraging Certainty to Assess the Prevalence of Misinformation},
	year = {2015}}

@book{Mead1934,
	address = {Chicago},
	author = {George Herbert Mead},
	date-added = {2015-07-08 22:08:27 +0000},
	date-modified = {2015-07-08 22:09:20 +0000},
	editor = {C.W. Morris},
	publisher = {University of Chicago Press},
	title = {Mind, Self and Society from the Standpoint of a Social Behaviorist},
	year = {1934}}

@incollection{SearsFunk1990,
	address = {Chicago},
	author = {David O. Sears and Carolyn L. Funk},
	booktitle = {Beyond Self Interest},
	date-added = {2015-07-07 21:09:14 +0000},
	date-modified = {2015-07-07 21:12:31 +0000},
	editor = {Jane J. Mansbridge},
	publisher = {University of Chicago Press},
	title = {Self-Interest in Americans' Political Opinion},
	year = {1990}}

@article{nagler2015voter,
	author = {Nagler, Jonathan},
	journal = {California Journal of Politics and Policy},
	number = {1},
	title = {Voter Behavior in California's Top Two Primary},
	volume = {7},
	year = {2015}}

@article{chambers2006hate,
	author = {Chambers, John R and Melnyk, Darya},
	journal = {Personality and Social Psychology Bulletin},
	number = {10},
	pages = {1295--1311},
	publisher = {Sage Publications},
	title = {Why Do I Hate Thee? Conflict Misperceptions and Intergroup Mistrust},
	volume = {32},
	year = {2006}}

@article{waytz2014motive,
	author = {Waytz, Adam and Young, Liane L and Ginges, Jeremy},
	journal = {Proceedings of the National Academy of Sciences},
	number = {44},
	pages = {15687--15692},
	publisher = {National Acad Sciences},
	title = {Motive Attribution Asymmetry for Love vs. Hate Drives Intractable Conflict},
	volume = {111},
	year = {2014}}

@inproceedings{rivers2007,
	author = {Rivers, Douglas},
	booktitle = {Joint Statistical Meetings},
	title = {Sampling for web surveys},
	year = {2007}}

@inproceedings{rivers2009,
	author = {Rivers, Douglas and Bailey, Delia},
	booktitle = {Proceedings of the Joint Statistical Meetings},
	pages = {627--639},
	title = {Inference from matched samples in the 2008 US national elections},
	year = {2009}}

@inproceedings{ansolabehere2011,
	author = {Ansolabehere, Stephen and Schaffner, Brian F},
	booktitle = {AAPOR Annual Conference, Phoenix AZ},
	pages = {12--15},
	title = {Re-examining the validity of different survey modes for measuring public opinion in the US: Findings from a 2010 multi-mode comparison},
	year = {2011}}

@book{Turner1987,
	address = {Oxford, UK},
	author = {John C. Turner and Michael A. Hogg and Penelope J. Oakes and Stephen D. Reicher and Margaret S. Wetherell},
	date-added = {2015-06-18 00:51:23 +0000},
	date-modified = {2015-06-18 00:53:36 +0000},
	publisher = {Blackwell},
	title = {Rediscovering the Social Group: A Self-Categorization Theory},
	year = {1987}}

@conference{AhlerBroockman,
	address = {Cambridge, MA},
	author = {Douglas J. Ahler and David E. Broockman},
	booktitle = {Conference on Ideal Point Models},
	date-added = {2015-06-18 00:31:34 +0000},
	date-modified = {2015-06-18 00:33:55 +0000},
	month = {May},
	organization = {Massachusetts Institute of Technology},
	title = {Does Polarization Imply Poor Representation? A New Perspective on the ``Disconnect'' Between Politicians Does Polarization Imply Poor Representation? A New Perspective on the Disconnect Between Politicians and Voters},
	year = {2015}}

@conference{klaassen2011,
	address = {Seattle, WA},
	author = {Ryan L. Claassen},
	booktitle = {Annual Meeting of the American Political Science Association},
	date-added = {2015-05-15 20:45:05 +0000},
	date-modified = {2015-05-15 20:46:30 +0000},
	title = {Religious Changes in American Society and Among Party Activists},
	year = {2011}}

@inproceedings{horton2010labor,
	author = {Horton, John Joseph and Chilton, Lydia B},
	booktitle = {Proceedings of the 11th ACM conference on Electronic commerce},
	organization = {ACM},
	pages = {209--218},
	title = {The labor economics of paid crowdsourcing},
	year = {2010}}

@incollection{shea,
	address = {New York},
	author = {Daniel M. Shea and Morris P. Fiorina},
	booktitle = {Can We Talk? The Rise of Rude, Nasty, Stubborn Politics},
	date-added = {2015-05-13 00:29:44 +0000},
	date-modified = {2015-05-13 00:30:58 +0000},
	editor = {Daniel M. Shea and Morris P. Fiorina},
	pages = {1-16},
	publisher = {Pearson},
	title = {Can We Talk? The Rise of Rude, Nasty, Stubborn Politics},
	year = {2013}}

@article{wilder1978perceiving,
	author = {Wilder, David A},
	journal = {Social Psychology},
	number = {1},
	pages = {13--23},
	title = {Perceiving Persons as a Group: Effects on Attributions of Causality and Beliefs},
	volume = {41},
	year = {1978}}

@article{turner1987rediscovering,
	author = {Turner, John C.},
	publisher = {Blackwell},
	title = {Rediscovering the Social Group: A Self-Categorization Theory.},
	year = {1987}}

@article{cantor1979prototypes,
	author = {Cantor, Nancy and Mischel, Walter},
	journal = {Advances in Experimental Social Psychology},
	pages = {3-52},
	title = {Prototypes in Person Perception},
	volume = {12},
	year = {1979}}

@article{chambers2013,
	author = {Chambers, John R and Schlenker, Barry R and Collisson, Brian},
	journal = {Psychological science},
	pages = {0956797612447820},
	publisher = {Sage Publications},
	title = {Ideology and Prejudice The Role of Value Conflicts},
	year = {2013}}

@article{dimaggio1996,
	author = {DiMaggio, Paul and Evans, John and Bryson, Bethany},
	journal = {American journal of Sociology},
	pages = {690--755},
	publisher = {JSTOR},
	title = {Have American's social attitudes become more polarized?},
	year = {1996}}

@article{evans2003,
	author = {Evans, John H},
	journal = {Social Science Quarterly},
	number = {1},
	pages = {71--90},
	publisher = {Wiley Online Library},
	title = {Have Americans' Attitudes Become More Polarized?---An Update*},
	volume = {84},
	year = {2003}}

@book{fiorina2006,
	author = {Fiorina, Morris P and Abrams, Samuel J and Pope, Jeremy C},
	publisher = {Pearson Longman New York},
	title = {Culture war?: The Myth of a Polarized America},
	year = {2005}}

@article{fiorina2008,
	author = {Fiorina, Morris P and Abrams, Samuel A and Pope, Jeremy C},
	journal = {The Journal of Politics},
	number = {02},
	pages = {556--560},
	publisher = {Cambridge Univ Press},
	title = {Polarization in the American public: Misconceptions and misreadings},
	volume = {70},
	year = {2008}}

@unpublished{hill2014,
	author = {Hill, Seth and Tausanovitch, Chris},
	note = {Working Paper},
	title = {Non-Polarization in the American Public},
	year = {2014}}

@article{Rama2011,
	author = {Srividya Ramasubramanian},
	date-added = {2015-01-14 20:42:57 +0000},
	date-modified = {2015-01-14 20:43:58 +0000},
	journal = {Communication Research},
	number = {4},
	pages = {497-516},
	title = {The Impact of Stereotypical Versus Counterstereotypical Media Exemplars on Racial Attitudes, Causal Attributions, and Support for Affirmative Action},
	volume = {28},
	year = {2011}}

@article{Power2006,
	author = {J. Gerard Power and Sheila T. Murphy and Gail Coover},
	date-added = {2015-01-14 20:41:36 +0000},
	date-modified = {2015-01-14 20:42:53 +0000},
	journal = {Human Communication Research},
	number = {1},
	pages = {36-58},
	title = {Priming Prejudice: How Stereotypes and Counter-Stereotypes Influence Attribution of Responsibility and Credibility among Ingroups and Outgroups},
	volume = {23},
	year = {2006}}

@article{petrocik1974,
	author = {Petrocik, John R},
	journal = {Political Methodology},
	pages = {31--47},
	publisher = {JSTOR},
	title = {An analysis of intransitivities in the index of party identification},
	year = {1974}}

@article{petrocik2009,
	author = {Petrocik, John Richard},
	journal = {Electoral Studies},
	number = {4},
	pages = {562--572},
	publisher = {Elsevier},
	title = {Measuring party support: Leaners are not independents},
	volume = {28},
	year = {2009}}

@book{AlmondVerba1963,
	address = {Boston},
	author = {Gabriel A. Almond and Sidney Verba},
	date-added = {2014-11-30 01:08:09 +0000},
	date-modified = {2014-11-30 01:10:17 +0000},
	publisher = {Little, Brown},
	title = {The Civic Culture: Political Attitudes and Democracy in Five Nations},
	year = {1963}}

@article{Bogardus1947,
	author = {Emory S. Bogardus},
	date-added = {2014-11-30 01:07:17 +0000},
	date-modified = {2014-11-30 01:08:05 +0000},
	journal = {Sociometry},
	number = {4},
	pages = {306-311},
	title = {Measurement of Personal-Group Relations},
	volume = {10},
	year = {1947}}

@conference{sood2014,
	author = {Sood, Gaurav and Iyengar, Shanto},
	booktitle = {Annual Meeting of the American Political Science Association},
	title = {All in the Eye of the Beholder: Partisan Affect and Ideological Accountability},
	year = {2014}}

@conference{prior2014,
	address = {New Orleans, LA},
	author = {Prior, Markus and Sood, Gaurav and Khanna, Kabir},
	booktitle = {Annual Meeting of the American Political Science Association},
	date-modified = {2015-07-17 17:53:17 +0000},
	month = {August},
	title = {You Cannot be Serious: Do Partisans Believe What They Say?},
	year = {2013}}

@article{prior2008,
	author = {Prior, Markus and Lupia, Arthur},
	journal = {American Journal of Political Science},
	number = {1},
	pages = {169--183},
	publisher = {Wiley Online Library},
	title = {Money, time, and political knowledge: Distinguishing quick recall and political learning skills},
	volume = {52},
	year = {2008}}

@techreport{bullock2014,
	author = {Bullock, John G and Gerber, Alan S and Hill, Seth J and Huber, Gregory A},
	institution = {National Bureau of Economic Research},
	title = {Partisan bias in factual beliefs about politics},
	year = {2013}}

@article{Westfall2014,
	author = {Jacob Westfall and Leaf Van Boven and John Chambers and Charles M. Judd},
	date-added = {2014-08-20 21:01:36 +0000},
	date-modified = {2015-07-17 01:01:46 +0000},
	journal = {Perspectives on Psychological Science},
	number = {2},
	pages = {145-158},
	title = {Perceiving Political Polarizaiton in America: Party Identity Strength and Attitude Extremity Exacerbate the Perceived Partisan Divide},
	volume = {10},
	year = {2015}}

@book{Dahl1961,
	address = {New Haven, CT},
	author = {Robert A. Dahl},
	date-added = {2014-08-19 22:09:19 +0000},
	date-modified = {2014-08-19 22:10:06 +0000},
	publisher = {Yale University Press},
	title = {Who Governs? Democracy and Power in an American City},
	year = {1961}}

@book{berelson54,
	author = {Bernard Berelson and Paul Lazarsfeld and William McPhee},
	publisher = {Chicago: University of Chicago Press},
	title = {Voting: A study of opinion formation in a presidential campaign},
	year = {1954}}

@conference{BeckEveland2014,
	address = {Bordeaux, France},
	author = {Beck, Paul A. and Eveland, Jr, William P.},
	booktitle = {European Consortium for Political Research},
	date-modified = {2015-07-17 01:07:18 +0000},
	month = {September},
	title = {How Much an ``Echo Chamber''? Network Partisanship and Partisan Polarization in US Presidential Elections},
	year = {2013}}

@book{Mutz2006,
	address = {New York},
	author = {Diana C. Mutz},
	date-modified = {2014-08-19 23:47:09 +0000},
	publisher = {Cambridge University Press},
	title = {Hearing the Other Side: Deliberative Versus Participatory Democracy},
	year = {2006}}

@misc{Newport2013,
	author = {Frank Newport},
	date-added = {2014-08-12 18:58:52 +0000},
	date-modified = {2014-08-12 18:58:52 +0000},
	howpublished = {Gallup Politics: http://www.gallup.com/poll/160373/democrats-racially-diverse-republicans-mostly-white.aspx},
	month = {February},
	title = {Democrats Racially Diverse; Republicans Mostly White},
	year = {2013}}

@book{Hetherington2009,
	address = {New York},
	author = {Marc J. Hetherington and Jonathan D. Weiler},
	date-modified = {2014-08-11 22:50:47 +0000},
	publisher = {Cambridge University Press},
	title = {Authoritarianism and Polarization in American Politics},
	year = {2009}}

@article{IyengarWestwood2014,
	author = {Iyengar, Shanto and Westwood, Sean},
	date-modified = {2015-07-17 01:03:31 +0000},
	journal = {American Journal of Political Science},
	number = {3},
	pages = {690-707},
	title = {Fear and Loathing Across Party Lines: New Evidence on Group Polarization},
	volume = {59},
	year = {2014}}

@misc{Mitts2014,
	author = {Joshua Mitts},
	date-added = {2014-08-01 18:01:52 +0000},
	date-modified = {2014-08-01 18:06:49 +0000},
	institution = {Columbia Law School},
	title = {Dynamic Demographic Filter},
	year = {2014}}

@article{BaldassarriGelman2008,
	author = {Delia Baldassarri and Andrew Gelman},
	date-added = {2014-07-24 17:59:44 +0000},
	date-modified = {2014-07-24 17:59:44 +0000},
	journal = {American Journal of Sociology},
	number = {2},
	pages = {408-446},
	title = {Polarization and Trends in American Public Opinion},
	volume = {114},
	year = {2008}}

@article{StokerJennings2008,
	author = {Laura Stoker and M. Kent Jennings},
	date-added = {2014-05-29 22:55:20 +0000},
	date-modified = {2014-05-29 22:57:24 +0000},
	journal = {American Journal of Political Science},
	number = {3},
	pages = {619-635},
	title = {Of Time and the Development of Partisan Polarization},
	volume = {52},
	year = {2008}}

@article{jennings2009,
	author = {Jennings, M Kent and Stoker, Laura and Bowers, Jake},
	journal = {The Journal of Politics},
	number = {03},
	pages = {782--799},
	publisher = {Cambridge Univ Press},
	title = {Politics across generations: Family transmission reexamined},
	volume = {71},
	year = {2009}}

@article{GerberGreen1998,
	author = {Alan Gerber and Donald P. Green},
	date-added = {2014-05-29 22:54:15 +0000},
	date-modified = {2014-05-29 22:55:17 +0000},
	journal = {American Journal of Political Science},
	pages = {794-818},
	title = {Rational Learning and Partisan Attitudes},
	volume = {42},
	year = {1998}}

@book{Fiorina1981,
	address = {New Haven and London},
	author = {Morris P. Fiorina},
	date-added = {2014-05-29 22:51:35 +0000},
	date-modified = {2014-05-29 22:52:18 +0000},
	publisher = {Yale University Press},
	title = {Retrospective Voting in American National Elections},
	year = {1981}}

@incollection{LodgeTaber2000,
	address = {New York},
	author = {Milton Lodge and Charles Taber},
	booktitle = {Elements of Reason: Cognition, Choice, and the Bounds of Rationalityhoice, and the bounds of rationality},
	date-added = {2014-05-29 22:47:26 +0000},
	date-modified = {2014-05-29 22:49:01 +0000},
	editor = {Arthur Lupia and Mathew D. McCubbins and Samuel L. Popkin},
	pages = {183-213},
	publisher = {Cambridge University Press},
	title = {Three Steps Toward a Theory of Motivated Political Reasoning},
	year = {2000}}

@article{Redlawsk2002,
	author = {David P. Redlawsk},
	date-added = {2014-05-29 22:46:24 +0000},
	date-modified = {2014-05-29 22:47:01 +0000},
	journal = {The Journal of Politics},
	number = {4},
	pages = {1021-1044},
	title = {Hot Cognition or Cool Consideration? Testing the Effects of Motivated Reasoning on Political Decision Making},
	volume = {64},
	year = {2002}}

@article{Key1959,
	author = {V.O. Key},
	date-added = {2014-05-29 22:34:31 +0000},
	date-modified = {2014-05-29 22:35:12 +0000},
	journal = {The Journal of Politics},
	pages = {3-18},
	title = {Secular Realignment and the Party System},
	volume = {17},
	year = {1959}}

@article{Tajfel1959,
	author = {Henri Tajfel},
	date-added = {2014-05-09 18:16:01 +0000},
	date-modified = {2014-05-09 18:16:38 +0000},
	journal = {British Journal of Psychology},
	pages = {16-29},
	title = {Quantitative Judgment in Social Perception},
	volume = {50},
	year = {1959}}

@incollection{Hogg2006,
	address = {Stanford, CA},
	author = {MIchael A. Hogg},
	booktitle = {Contemporary Social Psychology Theories},
	date-added = {2014-05-09 18:06:16 +0000},
	date-modified = {2014-05-09 18:07:15 +0000},
	editor = {Peter J. Burke},
	pages = {111-136},
	publisher = {Stanford Social Sciences},
	title = {Social Identity Theory},
	year = {2006}}

@article{Sears1983,
	author = {David O. Sears},
	date-added = {2014-05-09 17:43:17 +0000},
	date-modified = {2014-05-09 17:43:50 +0000},
	journal = {Journal of Personality and Social Psychology},
	number = {2},
	pages = {233-250},
	title = {The Person-Positivity Bias},
	volume = {44},
	year = {1983}}

@article{JuddPark1988,
	author = {Charles M. Judd and Bernadette Park},
	date-added = {2014-05-09 17:26:21 +0000},
	date-modified = {2014-05-09 17:27:04 +0000},
	journal = {Journal of Personality and Social Psychology},
	number = {5},
	pages = {778-788},
	title = {Out-Group Homogeneity: Judgments of Variability at the Individual and Group Levels},
	volume = {54},
	year = {1988}}

@conference{Mason2012,
	address = {New Orleans, LA},
	author = {Lilliana Mason},
	booktitle = {Annual Meeting of the American Political Science Association},
	date-added = {2014-05-07 22:09:54 +0000},
	date-modified = {2014-05-07 22:11:22 +0000},
	title = {Partisan Sorting and Behavioral Polarization in the American Electorate},
	year = {2012}}

@article{mason2015,
	author = {Mason, Lilliana},
	journal = {American Journal of Political Science},
	number = {1},
	pages = {128--145},
	publisher = {Wiley Online Library},
	title = {``I Disrespectfully Agree'': The Differential Effects of Partisan Sorting on Social and Issue Polarization},
	volume = {59},
	year = {2015}}

@article{Conover1988,
	author = {Pamela Johnston Conover},
	date-added = {2014-05-06 21:24:46 +0000},
	date-modified = {2014-05-06 21:25:29 +0000},
	journal = {British Journal of Political Science},
	number = {1},
	pages = {51-76},
	title = {The Role of Social Groups in Political Thinking},
	volume = {18},
	year = {1988}}

@article{RoschMervis1975,
	author = {Eleanor Rosch and Carolyn B. Mervis},
	date-added = {2014-05-06 20:38:11 +0000},
	date-modified = {2014-05-06 20:38:58 +0000},
	journal = {Cognitive Psychology},
	pages = {573-605},
	title = {Family Resemblances: Studies in the Internal Structure of Categories},
	volume = {7},
	year = {1975}}

@incollection{KuklinskiQuirk2000,
	address = {New York},
	author = {James H. Kuklinski and Paul J. Quirk},
	booktitle = {Elements of Reason: Cognition, Choice, and the Bounds of Rationality},
	date-added = {2014-05-06 19:03:21 +0000},
	date-modified = {2014-05-06 19:05:42 +0000},
	editor = {Arthur Lupia and Mathew D. McCubbins and Samuel L. Popkin},
	pages = {153-182},
	publisher = {Cambridge University Press},
	title = {Reconsidering the Rational Public: Cognition, Heuristics, and Mass Opinion},
	year = {2000}}

@incollection{KahnemanFrederick2002,
	address = {New York},
	author = {Daniel Kahneman and Shane Frederick},
	booktitle = {Heuristics of Intuitive Judgment: Extensions and Applications},
	date-added = {2014-05-06 18:35:13 +0000},
	date-modified = {2014-05-06 18:37:07 +0000},
	editor = {Thomas Gilovich and Dale Griffin and Daniel Kahneman},
	publisher = {Cambridge University Press},
	title = {Representativeness Revisited: Attribute Substitution in Intuitive Judgment},
	year = {2002}}

@article{TverskyKahneman1974,
	author = {Amos Tversky and Daniel Kahneman},
	date-added = {2014-05-06 18:32:56 +0000},
	date-modified = {2014-05-06 18:34:50 +0000},
	journal = {Science},
	pages = {1124-1131},
	title = {Judgment Under Uncertainty: Heuristics and Biases},
	volume = {185},
	year = {1974}}

@article{AbramowitzSaunders2006,
	author = {Alan I. Abramowitz and Kyle L. Saunders},
	date-added = {2014-05-05 23:41:55 +0000},
	date-modified = {2014-05-05 23:43:02 +0000},
	journal = {Political Research Quarterly},
	number = {2},
	pages = {175-187},
	title = {Exploring the Bases of Partisanship in the American Electorate: Social Identity vs. Ideology},
	volume = {59},
	year = {2006}}

@conference{MasonDavis2015,
	address = {San Francisco},
	author = {Lilliana Mason and Nicholas Davis},
	booktitle = {Annual Meeting of the American Political Science Association},
	month = {September},
	title = {A New Identity Politics: How Socio-Partisan Sorting Affects Affective and Ideological Polarization in American Politics},
	year = {2015}}

@book{Lippmann1922,
	author = {Walter Lippman},
	date-modified = {2014-08-19 22:04:35 +0000},
	publisher = {Transaction Publishers},
	title = {Public Opinion},
	year = {1922}}

@article{Ahler2014,
	author = {Douglas J. Ahler},
	date-added = {2014-05-05 22:05:32 +0000},
	date-modified = {2014-07-31 16:15:47 +0000},
	journal = {The Journal of Politics},
	number = {3},
	pages = {607-620},
	title = {Self-Fulfilling Misperceptions of Public Polarization},
	volume = {76},
	year = {2014}}

@article{PageBrody1972,
	author = {Benjamin I. Page and Richard A. Brody},
	date-added = {2014-05-03 01:02:10 +0000},
	date-modified = {2014-05-03 01:03:41 +0000},
	journal = {American Political Science Review},
	number = {3},
	pages = {979-995},
	title = {Policy Voting and the Electoral Process: The Vietnam War Issue},
	volume = {66},
	year = {1972}}

@article{CarminesStimson1980,
	author = {Edward G. Carmines and James A. Stimson},
	date-added = {2014-05-03 00:59:51 +0000},
	date-modified = {2014-05-03 01:01:15 +0000},
	journal = {American Political Science Review},
	number = {1},
	pages = {78-91},
	title = {The Two Faces of Issue Voting},
	volume = {74},
	year = {1980}}

@article{Jessee2009,
	author = {Stephen A. Jessee},
	date-added = {2014-05-03 00:50:41 +0000},
	date-modified = {2014-05-03 00:51:28 +0000},
	journal = {American Political Science Review},
	number = {1},
	pages = {59-81},
	title = {Spatial Voting in the 2004 Presidential Election},
	volume = {103},
	year = {2009}}

@article{Erikson1979,
	author = {Robert Erikson},
	date-added = {2014-05-03 00:24:20 +0000},
	date-modified = {2014-05-03 00:25:31 +0000},
	journal = {British Journal of Political Science},
	pages = {89-114},
	title = {The SRC Panel Data and Mass Political Attitudes},
	volume = {9},
	year = {1979}}

@book{Noel2014,
	author = {Hans Noel},
	date-added = {2014-03-28 20:40:24 +0000},
	date-modified = {2014-03-28 20:40:44 +0000},
	publisher = {Cambridge University Press},
	title = {Political Ideologies and Political Parties in America},
	year = {2014}}

@article{RobertsSmith2003,
	author = {Jason M. Roberts and Steven S. Smith},
	date-added = {2014-03-28 20:37:47 +0000},
	date-modified = {2014-03-28 20:38:32 +0000},
	journal = {American Journal of Political Science},
	number = {2},
	pages = {305-317},
	title = {Procedural Contexts, Party Strategy, and Conditional Party Voting in the US House of Representatives, 1971-2000},
	volume = {47},
	year = {2003}}

@article{Hetherington2001,
	author = {Marc J. Hetherington},
	date-added = {2014-03-28 20:25:44 +0000},
	date-modified = {2014-03-28 20:26:16 +0000},
	journal = {American Political Science Review},
	number = {3},
	pages = {619-631},
	title = {Resurgent mass partisanship: The role of elite polarization.},
	volume = {95},
	year = {2001}}

@article{LaymanEtAl2006,
	author = {Geoffrey C. Layman and Thomas M. Carsey and Juliana Menasce Horowitz},
	date-added = {2014-03-27 17:58:10 +0000},
	date-modified = {2014-03-27 17:58:50 +0000},
	journal = {Annual Review of Political Science},
	pages = {83-110},
	title = {Party Polarization in American Politics: Characteristics, Causes, and Consequences},
	volume = {9},
	year = {2006}}

@article{CarsonEtAl2007,
	author = {Jamie L. Carson and Michael H. Crespin and Charles J. Finocchiaro and David W. Rohde},
	date-added = {2014-03-27 17:37:15 +0000},
	date-modified = {2014-03-27 17:38:08 +0000},
	journal = {American Politics Research},
	number = {6},
	pages = {878-904},
	title = {Redistricting and Party Polarization in the U.S. House of Representatives},
	volume = {35},
	year = {2007}}

@article{ClintonJackmanRivers2004,
	author = {Joshua Clinton and Simon Jackman and Douglas Rivers},
	date-added = {2014-03-26 16:49:07 +0000},
	date-modified = {2014-03-26 16:49:58 +0000},
	journal = {American Political Science Review},
	number = {2},
	pages = {355-370},
	title = {The Statistical Analysis of Roll Call Data},
	volume = {98},
	year = {2004}}

@unpublished{TausanovitchWarshaw2013,
	author = {Chris Tausanovitch and Christopher Warshaw},
	date-added = {2014-03-19 21:41:27 +0000},
	date-modified = {2014-03-19 21:42:38 +0000},
	month = {September},
	note = {Working paper},
	title = {Electoral Accountability and Representation in the U.S. House: 2004-2012},
	year = {2013}}

@book{Downs1957,
	address = {New York},
	author = {Anthony Downs},
	date-added = {2014-03-19 21:34:39 +0000},
	date-modified = {2014-03-19 21:36:12 +0000},
	publisher = {Harper},
	title = {An Economic Theory of Democracy},
	year = {1957}}

@article{CanesWroneBradyCogan2002,
	author = {Brandice Canes-Wrone and David W. Brady and John F. Cogan},
	date-added = {2014-03-19 00:47:03 +0000},
	date-modified = {2014-03-19 00:48:16 +0000},
	journal = {American Political Science Review},
	number = {1},
	pages = {127-140},
	title = {Out of Step, Out of Office: Electoral Accountability and House Members' Voting},
	volume = {96},
	year = {2002}}

@article{MouwMackuen1992,
	author = {Calvin J. Mouw and Michael B. Mackuen},
	date-added = {2014-02-04 23:56:41 +0000},
	date-modified = {2014-02-04 23:57:20 +0000},
	journal = {American Political Science Review},
	number = {1},
	pages = {87-105},
	title = {The Strategic Agenda in Legislative Politics},
	volume = {86},
	year = {1992}}

@article{Clinton2012,
	author = {Joshua D. Clinton},
	date-added = {2014-01-31 02:11:56 +0000},
	date-modified = {2014-01-31 02:12:30 +0000},
	journal = {Annual Review of Political Science},
	pages = {79-99},
	title = {Using Roll Call Estimates to Test Models of Politics},
	volume = {15},
	year = {2012}}

@book{Gilmour1995,
	address = {Pittsburgh},
	author = {John B. Gilmour},
	date-added = {2014-01-31 01:40:18 +0000},
	date-modified = {2014-01-31 01:41:13 +0000},
	publisher = {University of Pittsburgh Press},
	title = {Strategic Disagreement: Stalemate in American Politics},
	year = {1995}}

@article{AnsolabehereSnyderStewart2001,
	author = {Stephen Ansolabehere and James M. Snyder and Charles Stewart},
	date-added = {2014-01-30 22:33:59 +0000},
	date-modified = {2014-01-30 22:37:05 +0000},
	journal = {American Journal of Political Science},
	number = {1},
	pages = {136-159},
	title = {Candidate Positioning in U.S. House Elections},
	volume = {45},
	year = {2001}}

@article{Dempsey1962,
	author = {Paul Dempsey},
	date-added = {2014-01-30 20:27:29 +0000},
	date-modified = {2014-01-30 20:28:59 +0000},
	journal = {Journal of Social Psychology},
	pages = {159-170},
	title = {Liberalism-Conservatism and Party Loyalty in the U.S. Senate},
	volume = {56},
	year = {1962}}

@book{Ranney1954,
	address = {Champaign, IL},
	author = {Austin Ranney},
	date-added = {2014-01-30 19:26:24 +0000},
	date-modified = {2014-01-30 19:29:59 +0000},
	publisher = {University of Illinois Press},
	title = {The Doctrine of Responsible Party Government: Its Origins and Present State},
	year = {1954}}

@article{Sinclair2009,
	author = {Barbara Sinclair},
	date-added = {2014-01-29 22:34:41 +0000},
	date-modified = {2014-01-29 22:35:39 +0000},
	journal = {Boston University Law Review},
	pages = {387-397},
	title = {Question: What's Wrong with Congress? Answer: It's a Democratic Legislature},
	volume = {89},
	year = {2009}}

@book{Haidt2011,
	address = {New York},
	author = {Jonathan Haidt},
	date-added = {2014-01-08 21:44:03 +0000},
	date-modified = {2014-01-08 21:47:34 +0000},
	publisher = {Pantheon},
	title = {The Righteous Mind: Why Good People are Divided by Politics and Religion},
	year = {2011}}

@article{BullockEtAl2015,
	author = {John G. Bullock and Alan S. Gerber and Seth J. Hill and Gregory A. Huber},
	date-added = {2014-01-08 21:42:20 +0000},
	date-modified = {2019-08-19 13:46:54 -0400},
	journal = {Quarterly Journal of Political Science},
	number = {4},
	pages = {519-578},
	title = {Partisan Bias in Factual Beliefs about Politics},
	volume = {10},
	year = {2015}}

@article{bartels2000,
	author = {Bartels, Larry M},
	journal = {American Journal of Political Science},
	pages = {35--50},
	publisher = {JSTOR},
	title = {Partisanship and voting behavior, 1952-1996},
	year = {2000}}

@article{Bartels2002,
	author = {Larry M. Bartels},
	date-added = {2014-01-08 21:38:24 +0000},
	date-modified = {2014-01-08 21:40:12 +0000},
	journal = {Political Behavior},
	number = {2},
	pages = {117-150},
	title = {Beyond the Running Tally: Partisan Bias in Political Perceptions},
	volume = {24},
	year = {2002}}

@book{TAVR,
	address = {Ann Arbor, MI},
	author = {Michael S. Lewis-Beck and William G. Jacoby and Helmut Norpoth and Herbert F. Weisberg},
	date-added = {2014-01-08 21:33:51 +0000},
	date-modified = {2014-01-08 21:35:24 +0000},
	publisher = {The University of Michigan Press},
	title = {The American Voter Revisited},
	year = {2008}}

@article{AnsolabehereSnyderRodden2008,
	author = {Stephen Ansolabehere and Jonathan Rodden and James M. Snyder},
	date-added = {2013-12-23 23:27:13 +0000},
	date-modified = {2013-12-23 23:55:39 +0000},
	journal = {American Political Science Review},
	number = {215-232},
	title = {The Strength of Issues: Using Multiple Measures to Gauge Preference Stability, Ideological Constraing, and Issue Voting},
	volume = {102},
	year = {2008}}

@book{Rosenbaum2002,
	address = {New York},
	author = {Paul R. Rosenbaum},
	date-added = {2013-11-18 21:14:08 +0000},
	date-modified = {2013-11-18 21:17:05 +0000},
	edition = {2},
	publisher = {Springer},
	title = {Observational Studies},
	year = {2002}}

@article{GrahamNosekHaidt2012,
	author = {Jesse Graham and Brian A. Nosek and Jonathan Haidt},
	date-added = {2013-11-04 22:49:55 +0000},
	date-modified = {2013-11-04 22:51:27 +0000},
	journal = {PLoS ONE},
	number = {12},
	pages = {e50092. doi:10.1371/journal.pone.0050092},
	title = {The Moral Stereotypes of Liberals and Conservatives: Exaggeration of Differences across the Political Spectrum},
	volume = {7},
	year = {2012}}

@unpublished{KousserPhillipsShor2013,
	author = {Thad Kousser and Justin Phillips and Boris Shor},
	date-added = {2013-11-04 22:34:34 +0000},
	date-modified = {2013-11-04 22:35:49 +0000},
	note = {Working paper},
	title = {Reform and Representation: Assessing California's Top-Two Primary and Redistricting Commission},
	year = {2013}}

@article{Gallagher2003,
	author = {Charles A. Gallagher},
	date-added = {2013-11-04 20:03:54 +0000},
	date-modified = {2013-11-04 20:04:44 +0000},
	journal = {Sociological Perspectives},
	number = {3},
	pages = {381-396},
	title = {Miscounting Race: Explaining Whites' Misperceptions of Racial Group Size},
	volume = {46},
	year = {2003}}

@article{Wong2007,
	author = {Cara J. Wong},
	date-added = {2013-11-04 20:03:06 +0000},
	date-modified = {2013-11-04 20:03:52 +0000},
	journal = {Public Opinion Quarterly},
	number = {3},
	pages = {392-412},
	title = {``Little'' and ``Big'' Pictures in Our Heads: Race, Local Context, and Innumeracy About Racial Groups in the United States},
	volume = {71},
	year = {2007}}

@article{bartels2014,
	author = {Bartels, Larry M},
	journal = {Political Communication},
	number = {4},
	pages = {532--544},
	publisher = {Taylor \& Francis},
	title = {Remembering to Forget: A Note on the Duration of Campaign Advertising Effects},
	volume = {31},
	year = {2014}}

@article{druckman2011,
	author = {Druckman, James N and Bolsen, Toby},
	journal = {Journal of Communication},
	number = {4},
	pages = {659--688},
	publisher = {Wiley Online Library},
	title = {Framing, motivated reasoning, and opinions about emergent technologies},
	volume = {61},
	year = {2011}}

@article{druckman2013,
	author = {Druckman, James N and Peterson, Erik and Slothuus, Rune},
	journal = {American Political Science Review},
	number = {01},
	pages = {57--79},
	publisher = {Cambridge Univ Press},
	title = {How elite partisan polarization affects public opinion formation},
	volume = {107},
	year = {2013}}

@book{lodge2013,
	author = {Lodge, Milton and Taber, Charles S},
	publisher = {Cambridge University Press},
	title = {The rationalizing voter},
	year = {2013}}

@article{Gilovich1981,
	author = {Thomas Gilovich},
	date-added = {2013-11-04 19:55:39 +0000},
	date-modified = {2013-11-04 19:56:24 +0000},
	journal = {Journal of Personality and Social Psychology},
	number = {5},
	pages = {797-808},
	title = {Seeing the Past in the Present: The Effect of Associations to Familiar Events on Judgments and Decisions},
	volume = {40},
	year = {1981}}

@article{IyengarSoodLelkes2012,
	author = {Shanto Iyengar and Gaurav Sood and Yphtach Lelkes},
	date-added = {2013-10-30 00:20:07 +0000},
	date-modified = {2013-10-30 00:21:02 +0000},
	journal = {Public Opinion Quarterly},
	number = {3},
	pages = {405-431},
	title = {Affect, Not Ideology: A Social Identity Perspective on Polarization},
	volume = {76},
	year = {2012}}

@inproceedings{sood2012,
	author = {Sood, Gaurav and Iyengar, Shanto and Dropp, Kyle},
	booktitle = {Annual Meeting of the American Political Science Association},
	title = {Coming to Dislike Your Opponents: The Polarizing Impact of Political Campaigns},
	year = {2012}}

@book{IGS_Field_poll,
	address = {[Machine-readable data file.] {San} {Francisco}, {CA}: {Field} {Research} {Corporation}},
	date-modified = {2013-09-03 23:04:03 +0000},
	publisher = {Field (California) Poll 12-04},
	title = {Field (California) Poll -- September 2012},
	year = {2012}}

@article{Broockman2014,
	author = {David E. Broockman},
	date-added = {2013-09-03 22:17:02 +0000},
	date-modified = {2016-04-26 23:11:02 +0000},
	journal = {Legislative Studies Quarterly},
	note = {Working paper},
	title = {Approaches to Studying Representation},
	volume = {Forthcoming},
	year = {2016}}

@book{Abramowitz2010,
	address = {New Haven, CT},
	author = {Alan I. Abramowitz},
	date-added = {2013-08-12 23:11:39 +0000},
	date-modified = {2013-08-12 23:12:52 +0000},
	publisher = {Yale University Press},
	title = {The Disappearing Center: Engaged Citizens, Polarization, and American Democracy},
	year = {2010}}

@article{KeithEtAl1986,
	author = {Bruce E. Keith and David B. Magleby and Candice J. Nelson and Elizabeth Orr and Mark C. Westlye and Raymond E. Wolfinger},
	date-added = {2013-08-12 23:10:06 +0000},
	date-modified = {2013-08-12 23:11:35 +0000},
	journal = {British Journal of Political Science},
	pages = {155-184},
	title = {The Partisan Affinities of Independent `Leaners'},
	volume = {16},
	year = {1986}}

@book{GreenPalmquistSchickler2002,
	address = {New Haven, CT},
	author = {Donald Green and Bradley Palmquist and Eric Schickler},
	date-added = {2013-08-08 00:36:03 +0000},
	date-modified = {2013-08-08 00:36:57 +0000},
	publisher = {Yale University Press},
	title = {Partisan Hearts \& Minds: Political Parties and the Social Identities of Voters},
	year = {2002}}

@article{Stroud2008,
	author = {Natalie Jomini Stroud},
	date-added = {2013-08-08 00:25:41 +0000},
	date-modified = {2013-08-08 00:26:19 +0000},
	journal = {Political Behavior},
	number = {3},
	pages = {341-366},
	title = {Media Use and Political Predispositions: Revisiting the Concept of Selective Exposure},
	volume = {30},
	year = {2008}}

@book{Bartels2008,
	address = {Princeton, NJ},
	author = {Larry M. Bartels},
	date-added = {2013-08-07 23:20:18 +0000},
	date-modified = {2013-08-07 23:21:19 +0000},
	publisher = {Princeton University Press},
	title = {Unequal Democracy: The Political Economy of the New Gilded Age},
	year = {2008}}

@article{Jacobson1996,
	author = {Gary C. Jacobson},
	date-added = {2013-08-07 23:12:44 +0000},
	date-modified = {2013-08-07 23:13:12 +0000},
	journal = {Political Science Quarterly},
	number = {2},
	pages = {203-223},
	title = {The 1994 House Elections in Perspective},
	volume = {111},
	year = {1996}}

@article{FiorinaAbrams2008,
	author = {Morris P. Fiorina and Samuel J. Abrams},
	date-added = {2013-08-06 23:53:43 +0000},
	date-modified = {2013-08-07 23:23:33 +0000},
	journal = {Annual Review of Political Science},
	pages = {563-588},
	title = {Political Polarization in the American Public},
	volume = {11},
	year = {2008}}

@article{MackieCooper1984,
	author = {Diane Mackie and Joel Cooper},
	date-added = {2013-07-25 00:47:37 +0000},
	date-modified = {2013-07-25 00:48:31 +0000},
	journal = {Journal of Personality and Social Psychology},
	number = {3},
	pages = {575-585},
	title = {Attitude Polarization: Effects of Group Membership},
	volume = {46},
	year = {1984}}

@article{Levendusky2010,
	author = {Matthew S. Levendusky},
	date-added = {2013-07-25 00:29:05 +0000},
	date-modified = {2013-07-25 00:30:30 +0000},
	journal = {Political Behavior},
	number = {1},
	pages = {111-131},
	title = {Clearer Cues, More Consistent Voters: A Benefit of Elite Polarization},
	volume = {32},
	year = {2010}}

@article{SchroederPrentice1998,
	author = {Christine M. Schroeder and Deborah A. Prentice},
	date-added = {2013-07-15 00:08:08 +0000},
	date-modified = {2013-07-15 00:09:34 +0000},
	journal = {Journal of Applied Social Psychology},
	number = {3},
	pages = {2150-2180},
	title = {Exposing Pluralistic Ignorance to Reduce Alcohol Use Among College Students},
	volume = {28},
	year = {1998}}

@article{AllportHartman1925,
	author = {Floyd Allport and D.A. Hartman},
	date-added = {2013-07-13 00:54:50 +0000},
	date-modified = {2013-07-13 00:56:07 +0000},
	journal = {American Political Science Review},
	pages = {735-760},
	title = {The Measurement and Motivation of Atypical Opinion in a Certain Group},
	volume = {19},
	year = {1925}}

@article{BafumiHerron2010,
	author = {Joseph Bafumi and Michael C. Herron},
	date-added = {2013-07-13 00:44:40 +0000},
	date-modified = {2013-08-08 00:03:08 +0000},
	journal = {American Political Science Review},
	number = {3},
	pages = {519-542},
	title = {Leapfrog Representation and Extremism: A Study of American Voters and Their Members in Congress},
	volume = {104},
	year = {2010}}

@article{Mutz2002,
	author = {Diana C. Mutz},
	date-added = {2013-07-13 00:42:21 +0000},
	date-modified = {2013-07-13 00:43:18 +0000},
	journal = {American Journal of Political Science},
	number = {4},
	pages = {838-855},
	title = {The Consequences of Cross-Cutting Networks for Political Participation},
	volume = {46},
	year = {2002}}

@book{Levendusky2009,
	address = {Chicago},
	author = {Matthew Levendusky},
	date-added = {2013-07-13 00:40:39 +0000},
	date-modified = {2013-07-13 00:41:31 +0000},
	publisher = {University of Chicago Pressi},
	title = {The Partisan Sort: How Liberals Became Democrats and Conservatives Became Republicans},
	year = {2009}}

@book{Bishop2009,
	address = {Boston},
	author = {Bill Bishop},
	date-added = {2013-07-13 00:38:48 +0000},
	date-modified = {2013-07-13 00:40:27 +0000},
	publisher = {Houton Mifflin Harcourt},
	title = {The Big Sort: Why the Clustering of Like-Minded America is Tearing Us Apart},
	year = {2009}}

@article{Wilson2006,
	author = {James Q. Wilson},
	date-added = {2013-07-13 00:36:58 +0000},
	date-modified = {2013-07-13 00:38:19 +0000},
	journal = {Commentary},
	month = {February},
	pages = {15-21},
	title = {How Divided Are We?},
	year = {2006}}

@article{RobinsonEtAl1995,
	author = {Robert J. Robinson and Dacher Keltner and Andrew Ward and Lee Ross},
	date-added = {2013-07-13 00:34:39 +0000},
	date-modified = {2013-07-13 00:35:38 +0000},
	journal = {Journal of Personality and Social Psychology},
	number = {3},
	pages = {404-417},
	title = {Actual Versus Assumed Differences in Construal: ``Naive Realism'' in Intergroup Perception and Conflict},
	volume = {68},
	year = {1995}}

@article{LinvilleJones1980,
	author = {Patricia W. Linville and Edward E. Jones},
	date-added = {2013-07-13 00:30:37 +0000},
	date-modified = {2013-07-13 00:31:33 +0000},
	journal = {Journal of Personality and Social Psychology},
	number = {5},
	pages = {689-703},
	title = {Polarized Appraisals of Out-Group Members},
	volume = {38},
	year = {1980}}

@book{Gerring1998,
	address = {New York},
	author = {John Gerring},
	date-added = {2013-07-13 00:06:22 +0000},
	date-modified = {2013-07-13 00:07:53 +0000},
	publisher = {Cambridge University Press},
	title = {Party Ideologies in America: 1828-1996},
	year = {1998}}

@incollection{CitrinWongDuff2001,
	address = {Oxford},
	author = {Jack Citrin and Cara Wong and Brian Duff},
	booktitle = {Social Identity, Intergroup Conflict, and Conflict Reduction},
	date-added = {2013-07-12 23:51:25 +0000},
	date-modified = {2013-09-03 22:31:14 +0000},
	editor = {Richard D. Ashmore and Lee J. Jussim and David Wilder},
	publisher = {Oxford University Press},
	title = {The Meaning of American National Identity: Patterns of Ethnic Conflict and Consensus},
	year = {2001}}

@book{HackerPierson2006,
	address = {New Haven, CT},
	author = {Jacob S. Hacker and Paul Pierson},
	date-added = {2013-07-12 23:45:19 +0000},
	date-modified = {2013-08-08 00:03:21 +0000},
	publisher = {Yale University Press},
	title = {Off Center: The Republican Revolution \& the Erosion of American Democracy},
	year = {2006}}

@inproceedings{KrechCrutchfield1948,
	author = {David Krech and Richard S. Crutchfield},
	chapter = {The Field and Problems of Social Psychology},
	date-added = {2013-07-12 23:38:13 +0000},
	date-modified = {2013-07-12 23:38:23 +0000},
	editor = {David Krech and Richard S. Crutchfield},
	pages = {3-28},
	publisher = {McGraw-Hill},
	title = {Theory and Problems of Social Psychology},
	year = {1948}}

@book{MillerShanks1996,
	address = {Cambridge, MA},
	author = {Warren E. Miller and J. Merril Shanks},
	date-added = {2013-07-12 23:38:05 +0000},
	date-modified = {2013-07-12 23:38:09 +0000},
	publisher = {Harvard University Press},
	title = {The New American Voter},
	year = {1996}}

@book{Zaller1992,
	address = {Cambridge},
	author = {John R. Zaller},
	date-added = {2013-07-12 23:37:45 +0000},
	date-modified = {2013-07-12 23:37:49 +0000},
	publisher = {Cambridge University Press},
	title = {The Nature and Origins of Mass Opinion},
	year = {1992}}

@book{KatzAllport1931,
	address = {Syracuse, NY},
	author = {Daniel Katz and Floyd H. Allport},
	date-added = {2013-07-12 23:37:09 +0000},
	date-modified = {2013-07-12 23:37:17 +0000},
	publisher = {Craftsman},
	title = {Student Attitudes},
	year = {1931}}

@article{PaolacciChandlerIpeirotis2010,
	author = {Gabriele Paolacci and Jesse Chandler and Panagiotis G. Ipeirotis},
	date-added = {2013-07-12 23:36:42 +0000},
	date-modified = {2013-07-12 23:36:54 +0000},
	journal = {Judgment and Decision Making},
	number = {5},
	pages = {411-419},
	title = {Running Experiments on Amazon Mechanical Turk},
	volume = {5},
	year = {2010}}

@article{TodorovMandisodza2004,
	author = {Alexander Todorov and Anesu N. Mandisodza},
	date-added = {2013-07-12 23:36:31 +0000},
	date-modified = {2013-07-12 23:36:37 +0000},
	journal = {Public Opinion Quarterly},
	number = {3},
	pages = {323-348},
	title = {Public Opinion on Foreign Policy: The Multilateral Public that Perceives Itself as Unilateral},
	volume = {68},
	year = {2004}}

@article{FieldsSchuman1976,
	author = {James M. Fields and Howard Schuman},
	date-added = {2013-07-12 23:36:17 +0000},
	date-modified = {2013-07-12 23:36:24 +0000},
	journal = {Public Opinion Quarterly},
	pages = {427-448},
	title = {Public Beliefs About the Beliefs of the Public},
	volume = {40},
	year = {1976}}

@inproceedings{TajfelTurner2005,
	address = {New York},
	author = {Henri Tajfel and John C. Turner},
	chapter = {The Social Identity Theory of Intergroup Behavior},
	date-added = {2013-07-12 23:35:54 +0000},
	date-modified = {2013-07-12 23:36:01 +0000},
	editor = {John T. Jost and Jim Sidanius},
	publisher = {Psychology Press},
	title = {Political Psychology},
	year = {2005}}

@article{Gilens2001,
	author = {Martin Gilens},
	date-added = {2013-07-12 23:35:45 +0000},
	date-modified = {2013-07-12 23:35:50 +0000},
	journal = {American Political Science Review},
	number = {2},
	pages = {379-396},
	title = {Political Ignorance and Collective Policy Preferences},
	volume = {95},
	year = {2001}}

@article{OGormanGarry1976,
	author = {Hubert J. O'Gorman and Stephen L. Garry},
	date-added = {2013-07-12 23:35:31 +0000},
	date-modified = {2013-07-12 23:35:41 +0000},
	journal = {Public Opinion Quarterly},
	pages = {449-558},
	title = {Pluralistic Ignorance---A Replication and Extension},
	volume = {40},
	year = {1976}}

@article{PrenticeMiller1993,
	author = {Deborah A. Prentice and Dale T. Miller},
	date-added = {2013-07-12 23:34:56 +0000},
	date-modified = {2013-07-12 23:35:03 +0000},
	journal = {Journal of Personality and Social Psychology},
	pages = {243-56},
	title = {Pluralistic Ignorance and Alcohol Use on Campus: Some Consequences of Misperceiving the Social Norm},
	volume = {64},
	year = {1993}}

@article{ShamirShamir1997,
	author = {Jacob Shamir and Michal Shamir},
	date-added = {2013-07-12 23:34:46 +0000},
	date-modified = {2013-07-12 23:34:52 +0000},
	journal = {Public Opinion Quarterly},
	number = {2},
	pages = {227-260},
	title = {Pluralistic Ignorance Across Issues Over Time: Information Cues and Biases},
	volume = {61},
	year = {1997}}

@article{KuklinskiEtAl2000,
	author = {James H. Kuklinski and Paul J. Quirk and Jennifer Jerit and David Schweider and Robert F. Rich},
	date-added = {2013-07-12 23:34:31 +0000},
	date-modified = {2013-07-12 23:34:39 +0000},
	journal = {The Journal of Politics},
	number = {3},
	pages = {790-816},
	title = {Misinformation and the Currency of Democratic Citizenship},
	volume = {62},
	year = {2000}}

@unpublished{StokerHochschild,
	author = {Laura Stoker and Jennifer Hochschild},
	date-added = {2013-07-12 23:34:16 +0000},
	date-modified = {2013-07-12 23:34:22 +0000},
	note = {Working paper},
	title = {Measuring Values: The Case of Equality},
	year = {2004}}

@incollection{Klingemann1979,
	address = {Beverly Hills, CA},
	author = {Hans D. Klingemann},
	booktitle = {Political Action: Mass Participation in Five Western Democracies},
	date-added = {2013-07-12 23:34:05 +0000},
	date-modified = {2013-07-12 23:34:10 +0000},
	editor = {Samuel H. Barnes},
	publisher = {Sage},
	title = {Measuring Ideological Conceptualizations},
	year = {1979}}

@book{Mutz1998,
	address = {Cambridge},
	author = {Diana C. Mutz},
	date-added = {2013-07-12 23:34:02 +0000},
	date-modified = {2013-07-12 23:34:02 +0000},
	publisher = {Cambridge University Press},
	title = {Impersonal Influence: How Perceptions of Mass Collectives Affect Political Attitudes},
	year = {1998}}

@article{LevitinMiller1979,
	author = {Teresa E. Levitin and Warren E. Miller},
	date-added = {2013-07-12 23:33:45 +0000},
	date-modified = {2013-07-12 23:33:51 +0000},
	journal = {American Political Science Review},
	pages = {751-771},
	title = {Ideological Interpretations of Presidential Elections},
	volume = {73},
	year = {1979}}

@book{keith1992myth,
	author = {Keith, Bruce E and Magleby, David B and Nelson, Candice J and Orr, Elizabeth and Westlye, Mark C},
	publisher = {Univ of California Press},
	title = {The myth of the independent voter},
	year = {1992}}

@article{BerinskyHuberLenz2012,
	author = {Adam J. Berinsky and Gergory A. Huber and Gabriel S. Lenz},
	date-added = {2013-07-12 23:33:30 +0000},
	date-modified = {2013-09-03 22:26:56 +0000},
	journal = {Political Analysis},
	number = {2},
	pages = {351-368},
	title = {Evaluating Online Labor Markets for Experimental Research: Amazon.com's Mechanical Turk},
	volume = {20},
	year = {2012}}

@article{HowellWest2009,
	author = {William G. Howell and Martin R. West},
	date-added = {2013-07-12 23:33:18 +0000},
	date-modified = {2013-07-12 23:33:23 +0000},
	journal = {Education Next},
	number = {3},
	pages = {41-47},
	title = {Educating the Public},
	volume = {9},
	year = {2009}}

@incollection{MillerMoninPrentice2000,
	address = {Mahwah, NJ},
	author = {Dale T. Miller and Benoit Monin and Deborah A. Prentice},
	booktitle = {Attitudes, Behaviors, and Social Context},
	date-added = {2013-07-12 23:32:39 +0000},
	date-modified = {2014-02-19 00:20:24 +0000},
	editor = {Deborah J. Terry and Michael A. Hogg},
	pages = {95-113},
	publisher = {Lawrence Erlbaum Associates},
	title = {Pluralistic Ignorance and Inconsistency between Private Attitudes and Public Behaviors},
	year = {2000}}

@article{BuhrmesterKwangGosling2011,
	author = {Michael Buhrmester and Tracy Kwang and Samuel D. Gosling},
	date-added = {2013-07-12 23:32:02 +0000},
	date-modified = {2013-07-12 23:32:18 +0000},
	journal = {Perspectives on Psychological Science},
	number = {1},
	pages = {3-5},
	title = {Amazon's Mechanical Turk: A New Source of Inexpensive, Yet High-Quality, Data?},
	volume = {6},
	year = {2011}}

@article{Schanck1932,
	author = {Richard L. Schanck},
	date-added = {2013-07-12 23:31:45 +0000},
	date-modified = {2013-07-12 23:31:55 +0000},
	journal = {Psychological Monographs},
	number = {2},
	pages = {1-133},
	title = {A Study of Community and Its Group Institutions Conceived of as Behavior of Individuals},
	volume = {43},
	year = {1932}}

@article{ConoverFeldman1981,
	author = {Pamela Johnston Conover and Stanley Feldman},
	date-added = {2013-07-12 23:17:52 +0000},
	date-modified = {2013-07-12 23:18:37 +0000},
	journal = {American Journal of Political Science},
	number = {4},
	pages = {617-645},
	title = {The Origins and Meaning of Liberal/Conservative Self-Identifications},
	volume = {25},
	year = {1981}}

@book{Lenz2012,
	address = {Chicago},
	author = {Gabriel S. Lenz},
	date-added = {2013-07-12 23:12:27 +0000},
	date-modified = {2013-07-12 23:13:15 +0000},
	publisher = {University of Chicago Press},
	title = {Follow the Leader? How Voters Respond to Politicians' Policies and Performance},
	year = {2012}}

@article{Converse2000,
	author = {Philip E. Converse},
	date-added = {2013-07-12 23:03:36 +0000},
	date-modified = {2013-07-12 23:06:06 +0000},
	journal = {Annual Review of Political Science},
	pages = {331-353},
	title = {Assessing the Capacity of Mass Electorates},
	volume = {3},
	year = {2000}}

@article{NadeauNiemiLevine1993,
	author = {Richard Nadeau and Richard G. Niemi and Jeffrey Levine},
	date-added = {2013-05-13 17:04:55 +0000},
	date-modified = {2013-05-13 17:05:38 +0000},
	journal = {Public Opinion Quarterly},
	number = {3},
	pages = {332-347},
	title = {Innumeracy About Minority Populations},
	volume = {57},
	year = {1993}}

@article{Franklin1991,
	author = {Charles H. Franklin},
	date-added = {2013-05-12 21:55:38 +0000},
	date-modified = {2013-05-12 21:56:28 +0000},
	journal = {American Political Science Review},
	number = {4},
	pages = {1193-1214},
	title = {Eschewing Obfuscation? Campaigns and the Perception of U.S. Senate Incumbents},
	volume = {85},
	year = {1991}}

@book{Mayhew1974,
	address = {New Haven, CT},
	author = {David R. Mayhew},
	date-added = {2013-05-12 21:13:18 +0000},
	date-modified = {2013-05-12 21:15:21 +0000},
	publisher = {Yale University Press},
	title = {Congress: The Electoral Connection},
	year = {1974}}

@article{ConoverFeldman1989,
	author = {Pamela Johnston Conover and Stanley Feldman},
	date-added = {2013-05-12 19:43:40 +0000},
	date-modified = {2013-05-12 19:44:34 +0000},
	journal = {American Journal of Political Science},
	number = {4},
	pages = {912-940},
	title = {Candidate Perception in an Ambiguous World: Campaigns, Cues, and Inference Processes},
	volume = {33},
	year = {1989}}

@article{MarkusConverse1979,
	author = {Gregory B. Markus and Philip E. Converse},
	date-added = {2013-05-12 00:45:38 +0000},
	date-modified = {2013-05-12 00:48:00 +0000},
	journal = {American Political Science Review},
	number = {4},
	pages = {1055-1070},
	title = {A Dynamic Simultaneous Equation Model of Electoral Choice},
	volume = {73},
	year = {1979}}

@article{WilsonGronke2000,
	author = {J. Matthew Wilson and Paul Gronke},
	date-added = {2013-05-12 00:41:14 +0000},
	date-modified = {2013-05-12 00:41:55 +0000},
	journal = {Legislative Studies Quarterly},
	number = {3},
	pages = {445-467},
	title = {Concordance and Projection in Citizen Perceptions of Congressional Roll-Call Voting},
	volume = {25},
	year = {2000}}

@article{MannWolfinger1980,
	author = {Thomas E. Mann and Raymond E. Wolfinger},
	date-added = {2013-05-12 00:40:18 +0000},
	date-modified = {2013-05-12 00:41:00 +0000},
	journal = {American Political Science Review},
	number = {3},
	pages = {617-632},
	title = {Candidates and Parties in Congressional Elections},
	volume = {74},
	year = {1980}}

@article{Abramowitz1980,
	author = {Alan I. Abramowitz},
	date-added = {2013-05-12 00:39:33 +0000},
	date-modified = {2013-05-12 00:40:05 +0000},
	journal = {American Political Science Review},
	number = {3},
	pages = {633-640},
	title = {A Comparison of Voting for U.S. Senator and Representative in 1978},
	volume = {74},
	year = {1980}}

@article{Hinckley1980,
	author = {Barbara Hinckley},
	date-added = {2013-05-12 00:38:55 +0000},
	date-modified = {2013-05-12 00:39:25 +0000},
	journal = {American Political Science Review},
	number = {3},
	pages = {641-650},
	title = {The American Voter in Congressional Elections},
	volume = {74},
	year = {1980}}

@article{AnsolabehereJones2010,
	author = {Stephen Ansolabehere and Philip Edward Jones},
	date-added = {2013-05-11 22:40:38 +0000},
	date-modified = {2013-05-11 22:41:40 +0000},
	journal = {American Journal of Political Science},
	number = {3},
	pages = {583-597},
	title = {Constituents' Responses to Congressional Roll-Call Voting},
	volume = {54},
	year = {2010}}

@article{Babington,
	author = {Charles Babington},
	date-added = {2013-05-11 20:24:12 +0000},
	date-modified = {2013-05-11 20:25:32 +0000},
	journal = {The Washington Post},
	month = {21 December},
	pages = {A23},
	title = {Two Opponents of Abortion are Tapped for Senate Judiciary Panel},
	year = {2004}}

@article{SchnallRoperFessler2010,
	author = {Simone Schnall and Jean Roper and Daniel M.T. Fessler},
	date-added = {2013-05-06 22:00:59 +0000},
	date-modified = {2013-05-06 22:02:42 +0000},
	journal = {Psychological Science},
	number = {3},
	pages = {315-320},
	title = {Elevation Leads to Altruistic Behavior},
	volume = {21},
	year = {2010}}

@article{CreswellEtAl2005,
	author = {J. David Creswell and William T. Welch and Shelley E. Taylor and David K. Sherman and Tara L. Gruenewald and Traci Mann},
	date-added = {2013-05-06 21:58:04 +0000},
	date-modified = {2013-05-06 21:59:30 +0000},
	journal = {Psychological Science},
	number = {11},
	pages = {846-851},
	title = {Affirmation of Personal Values Buffers Neuroendocrine and Psychologicla Stress Responses},
	volume = {16},
	year = {2005}}

@article{LibbyEtAl2007,
	author = {Lisa K. Libby and Eric M. Shaeffer and Richard P. Eibach and Jonathan A. Slemmer},
	date-added = {2013-05-06 21:57:51 +0000},
	date-modified = {2013-05-06 22:00:48 +0000},
	journal = {Psychological Science},
	number = {3},
	pages = {199-203},
	title = {Picture Yourself at the Polls: Visual Perspective in Mental Imagery Affects Self-Perception and Behavior},
	volume = {18},
	year = {2007}}

@article{HornseyHogg2000,
	author = {Matthew J. Hornsey and MIchael A. Hogg},
	date-added = {2013-05-06 21:56:19 +0000},
	date-modified = {2013-05-06 21:57:40 +0000},
	journal = {Personality and Social Psychology Bulletin},
	pages = {948-958},
	title = {Intergroup Similarity and Subgroup Relations: Some Implications for Assimilation},
	volume = {26},
	year = {2000}}

@book{Hindman2009,
	address = {Princeton, NJ},
	author = {Matthew Hindman},
	date-added = {2013-05-06 21:46:34 +0000},
	date-modified = {2013-05-06 21:46:56 +0000},
	publisher = {Princeton University Press},
	title = {The Myth of Digital Democracy},
	year = {2009}}

@article{Bloom1984,
	author = {Howard S. Bloom},
	date-added = {2013-05-06 21:45:03 +0000},
	date-modified = {2013-07-16 21:55:50 +0000},
	journal = {Evaluation Review},
	pages = {225-246},
	title = {Accounting for No-Shows in Experimental Evaluation Designs},
	volume = {8},
	year = {1984}}

@book{Prior2007,
	address = {New York},
	author = {Markus Prior},
	date-added = {2013-05-06 21:43:42 +0000},
	date-modified = {2013-05-06 21:44:40 +0000},
	publisher = {Cambridge University Press},
	title = {Post-Broadcast Democracy: How Media Choice Increases Inequality in Political Involvement and Polarizes Elections},
	year = {2007}}

@article{Kam2005,
	author = {Cindy D. Kam},
	date-added = {2013-05-06 21:41:56 +0000},
	date-modified = {2013-05-06 21:43:07 +0000},
	journal = {Political Behavior},
	number = {2},
	pages = {163-182},
	title = {Who Toes the Party Line? Cues, Values, and Individual Differences},
	volume = {27},
	year = {2005}}

@article{Rahn1993,
	author = {Wendy M. Rahn},
	date-added = {2013-05-06 21:40:49 +0000},
	date-modified = {2013-05-06 21:41:50 +0000},
	journal = {American Journal of Political Science},
	number = {2},
	pages = {472-496},
	title = {The Role of Partisan Stereotypes in Information Processing about Political Candidates},
	volume = {37},
	year = {1993}}

@incollection{Converse1964,
	address = {New York},
	author = {Philip Converse},
	booktitle = {Ideology and Discontent},
	date-added = {2013-05-06 21:38:46 +0000},
	date-modified = {2013-09-03 22:31:25 +0000},
	editor = {David Apter},
	publisher = {Free Press},
	title = {The Nature of Belief Systems in Mass Publics},
	year = {1964}}

@book{TAV,
	address = {Chicago},
	author = {Angus Campbell and Philip E. Converse and Warren E. Miller and Donald E. Stokes},
	date-added = {2013-05-06 21:37:30 +0000},
	date-modified = {2013-05-06 21:38:25 +0000},
	publisher = {University of Chicago Press},
	title = {The American Voter},
	year = {1960}}

@article{Bullock2011,
	author = {John G. Bullock},
	date-added = {2013-05-06 21:32:56 +0000},
	date-modified = {2013-05-06 21:34:14 +0000},
	journal = {American Political Science Review},
	number = {3},
	pages = {496-515},
	title = {Elite Influence on Public Opinion in an Informed Electorate},
	volume = {105},
	year = {2011}}

@article{Cohen2003,
	author = {Geoffrey L. Cohen},
	date-added = {2013-05-06 21:31:19 +0000},
	date-modified = {2013-05-06 21:32:44 +0000},
	journal = {Journal of Personality and Social Psychology},
	number = {5},
	pages = {808-822},
	title = {Party Over Policy: The Dominating Impact of Group Influence on Political Beliefs},
	volume = {85},
	year = {2003}}

@book{AngristPischke2009,
	address = {Princeton, NJ},
	author = {Joshua D. Angrist and J\"{o}rn-Steffen Pischke},
	date-added = {2013-05-06 21:29:53 +0000},
	date-modified = {2013-05-06 21:31:06 +0000},
	publisher = {Princeton University Press},
	title = {Mostly Harmless Econometrics},
	year = {2009}}

@article{Holland1986,
	author = {Paul W. Holland},
	date-added = {2013-05-06 21:28:54 +0000},
	date-modified = {2013-05-06 21:29:46 +0000},
	journal = {Journal of the American Statistical Association},
	number = {396},
	pages = {945-960},
	title = {Statistics and Causal Inference},
	volume = {81},
	year = {1986}}

@article{Rubin1974,
	author = {Donald B. Rubin},
	date-added = {2013-05-06 21:27:10 +0000},
	date-modified = {2013-05-06 21:28:39 +0000},
	journal = {Journal of Educational Psychology},
	number = {5},
	pages = {688-701},
	title = {Estimating Causal Effects of Treatments in Randomized and Nonrandomized Studies},
	volume = {86},
	year = {1974}}

@inproceedings{CampbellStanley1963,
	address = {Boston},
	author = {Donald T. Campbell and Julian C. Stanley},
	chapter = {Experimental and Quasi-Experimental Designs for Research},
	date-added = {2013-05-06 21:25:13 +0000},
	date-modified = {2013-05-06 21:27:01 +0000},
	editor = {N.L. Gage},
	publisher = {Houghton Mifflin},
	title = {Handbook of Research on Teaching},
	year = {1963}}

@article{Neyman1923,
	author = {Jerzy Neyman},
	date-added = {2013-05-06 21:22:26 +0000},
	date-modified = {2013-05-06 21:24:50 +0000},
	journal = {Statistical Science},
	pages = {465-480},
	title = {On the Application of Probability Theory to Agricultural Experiments (translated)},
	volume = {5},
	year = {1923}}

@book{Mutz2011,
	address = {Princeton, NJ},
	author = {Diana C. Mutz},
	date-added = {2013-05-06 21:21:31 +0000},
	date-modified = {2013-05-06 21:22:16 +0000},
	publisher = {Princeton University Press},
	title = {Population-Based Survey Experiments},
	year = {2011}}

@article{Mutz2007,
	author = {Diana C. Mutz},
	date-added = {2013-05-06 21:20:06 +0000},
	date-modified = {2013-05-06 21:21:15 +0000},
	journal = {American Political Science Review},
	number = {4},
	pages = {621-35},
	title = {Effects of ``In-Your-Face'' Television Discourse on Perceptions of a Legitimate Opposition},
	volume = {101},
	year = {2007}}

@article{Brader2005,
	author = {Ted Brader},
	date-added = {2013-05-06 21:18:43 +0000},
	date-modified = {2013-05-06 21:19:52 +0000},
	journal = {American Journal of Political Science},
	number = {2},
	pages = {388-405},
	title = {Striking a Responsive Chord: How Political Ads Motivate and Persuade Voters by Appealing to Emotions},
	volume = {49},
	year = {2005}}

@article{TomzVanHouweling2009,
	author = {Michael Tomz and Robert P. {Van Houweling}},
	date-added = {2013-05-06 21:16:40 +0000},
	date-modified = {2013-05-11 20:30:29 +0000},
	journal = {American Political Science Review},
	number = {1},
	pages = {83-98},
	title = {The Electoral Implications of Candidate Ambiguity},
	volume = {103},
	year = {2009}}

@inproceedings{DruckmanEtAl2011,
	address = {New York},
	author = {James N. Druckman and Donald P. Green and James H. Kuklinski and Arthur Lupia},
	chapter = {Experimentation in Political Science},
	date-added = {2013-05-06 21:15:09 +0000},
	date-modified = {2013-05-06 21:16:31 +0000},
	editor = {James N. Druckman and Donald P. Green and James H. Kuklinski and Arthur Lupia},
	publisher = {Cambridge University Press},
	title = {Cambridge Handbook of Political Science},
	year = {2011}}

@book{MortonWilliams2007,
	address = {New York},
	author = {Rebecca B. Morton and Kenneth C. Williams},
	date-added = {2013-05-06 21:11:58 +0000},
	date-modified = {2013-05-06 21:14:42 +0000},
	publisher = {Cambridge University Press},
	title = {Experimental Political Science and the Study of Causality},
	year = {2007}}

@book{FiorinaAbramsPope2005,
	address = {New York},
	author = {Morris P. Fiorina and Samuel J. Abrams and Jeremy Pope},
	date-added = {2013-04-23 18:49:23 +0000},
	date-modified = {2013-04-23 18:50:34 +0000},
	publisher = {Pearson Longman},
	title = {Culture War?},
	year = {2005}}

@book{Key1966,
	address = {New York},
	author = {Valdimer Orlando Key and Milton C. Cummings},
	date-added = {2013-04-23 01:09:45 +0000},
	date-modified = {2013-04-23 01:10:39 +0000},
	publisher = {Vintage Books},
	title = {The Responsible Electorate},
	year = {1966}}

@misc{Krosnick2012,
	author = {Jon A. Krosnick},
	date-added = {2013-04-23 01:07:42 +0000},
	date-modified = {2013-04-23 01:09:10 +0000},
	howpublished = {Presented at the Berkeley Political Psychology Colloquium},
	title = {What Americans Think About Climate Change},
	year = {2012}}

@article{Weisman2012,
	author = {Jonathan Weisman},
	date-added = {2013-04-23 01:01:09 +0000},
	date-modified = {2013-04-23 01:03:11 +0000},
	journal = {The New York Times},
	month = {9 November},
	title = {Boehner Digs In on Opposition to Tax Hikes for Wealthy},
	year = {2012}}

@article{BawnEtAl2006,
	author = {Kathleen Bawn and Martin Cohen and David Karol and Seth Masket and Hans Noel and John Zaller},
	date-added = {2013-04-23 00:58:43 +0000},
	date-modified = {2014-03-19 00:25:22 +0000},
	journal = {Perspectives on Politics},
	number = {3},
	pages = {571-597},
	title = {A Theory of Political Parties: Groups, Policy Demands, and Nominations in American Politics},
	volume = {10},
	year = {2012}}

@article{Althaus1998,
	author = {Scott L. Althaus},
	date-added = {2013-04-23 00:57:35 +0000},
	date-modified = {2013-04-23 00:58:34 +0000},
	journal = {American Political Science Review},
	number = {3},
	pages = {545-558},
	title = {Information Effects in Collective Preferences},
	volume = {92},
	year = {1998}}

@article{Bartels1996,
	author = {Larry M. Bartels},
	date-added = {2013-04-23 00:57:01 +0000},
	date-modified = {2013-04-23 00:57:32 +0000},
	journal = {American Journal of Political Science},
	number = {1},
	pages = {194-230},
	title = {Uninformed Votes: Information Effects in Presidential Elections},
	volume = {40},
	year = {1996}}

@book{DelliCarpiniKeeter1995,
	address = {New York},
	author = {Delli Carpini, Michael X. and Scott Keeter},
	date-added = {2013-04-23 00:55:36 +0000},
	date-modified = {2013-04-23 00:56:15 +0000},
	publisher = {Yale University Press},
	title = {What Americans Know About Politics and Why It Matters},
	year = {1996}}

@book{Kahneman2011,
	address = {New York},
	author = {Daniel Kahneman},
	date-added = {2013-04-23 00:54:40 +0000},
	date-modified = {2013-04-23 00:55:18 +0000},
	publisher = {FSG},
	title = {Thinking, Fast and Slow},
	year = {2011}}

@book{LupiaMcCubbins1998,
	address = {New York},
	author = {Arthur Lupia and Mathew D. McCubbins},
	date-added = {2013-04-23 00:53:45 +0000},
	date-modified = {2013-04-23 00:54:33 +0000},
	publisher = {Cambridge University Press},
	title = {The Democratic Dilemma: Can Citizens Learn What They Need to Know?},
	year = {1998}}

@book{Popkin1994,
	address = {Chicago},
	author = {Samuel L. Popkin},
	date-added = {2013-04-23 00:52:55 +0000},
	date-modified = {2013-04-23 00:53:35 +0000},
	publisher = {University of Chicago Press},
	title = {The Reasoning Voter: Communication and Persuasion in Presidential Campaigns},
	year = {1994}}

@article{Lupia1994,
	author = {Arthur Lupia},
	date-added = {2013-04-23 00:51:58 +0000},
	date-modified = {2013-04-23 00:52:52 +0000},
	journal = {American Political Science Review},
	number = {1},
	pages = {63-76},
	title = {Shortcuts Versus Encyclopedias: Information and Voting Behavior in California Insurance Reform Elections},
	volume = {88},
	year = {1994}}

@article{SnyderTing2003,
	author = {James M. Jr. Snyder and Michael M. Ting},
	date-added = {2013-04-23 00:50:52 +0000},
	date-modified = {2013-04-23 19:02:12 +0000},
	journal = {Political Analysis},
	number = {4},
	pages = {419-444},
	title = {Roll Calls, Party Labels, and Elections},
	volume = {11},
	year = {2003}}

@article{MillerStokes1963,
	author = {Warren E. Miller and Donald E. Stokes},
	date-added = {2013-04-23 00:50:14 +0000},
	date-modified = {2013-04-23 00:50:46 +0000},
	journal = {American Political Science Review},
	number = {1},
	pages = {45-56},
	title = {Constituency Influence in Congress},
	volume = {57},
	year = {1963}}

@book{Mayhew2002,
	address = {New Haven, CT},
	author = {David R. Mayhew},
	date-added = {2013-04-23 00:49:17 +0000},
	date-modified = {2013-04-23 00:49:52 +0000},
	publisher = {Yale University Press},
	title = {America's Congress},
	year = {2002}}

@book{Schickler2001,
	address = {Princeton, NJ},
	author = {Eric Schickler},
	date-added = {2013-04-23 00:48:19 +0000},
	date-modified = {2013-04-23 00:49:07 +0000},
	publisher = {Princeton University Press},
	title = {Disjointed Pluralism},
	year = {2001}}

@article{KingZeckhauser2003,
	author = {David C. King and Richard J. Zeckhauser},
	date-added = {2013-04-23 00:47:26 +0000},
	date-modified = {2013-04-23 00:48:13 +0000},
	journal = {Legislative Studies Quarterly},
	number = {3},
	pages = {387-411},
	title = {Congressional Vote Options},
	volume = {28},
	year = {2003}}

@book{Sinclair2006,
	address = {Norman, OK},
	author = {Barbara Sinclair},
	date-added = {2013-04-23 00:46:33 +0000},
	date-modified = {2013-04-23 00:47:19 +0000},
	publisher = {University of Oklahoma Press},
	title = {Party Wars: Polarization and the Politics of National Policymaking},
	year = {2006}}

@article{McPhersonSmithLovinCook2001,
	author = {Miller McPherson and Lynn Smith-Lovin and James M. Cook},
	date-added = {2013-04-23 00:40:29 +0000},
	date-modified = {2013-04-23 00:41:23 +0000},
	journal = {Annual Review of Sociology},
	pages = {415-444},
	title = {Birds of a Feather: Homophily in Social Networks},
	year = {2001}}

@article{BradySniderman1985,
	author = {Henry E. Brady and Paul M. Sniderman},
	date-added = {2013-04-23 00:37:43 +0000},
	date-modified = {2013-04-23 00:39:56 +0000},
	journal = {American Political Science Review},
	pages = {1061-1078},
	title = {Attitude Attribution: A Group Basis for Political Reasoning},
	volume = {79},
	year = {1985}}

@article{LevySquire2005,
	author = {Dena Levy and Peverill Squire},
	date-added = {2013-04-23 00:36:27 +0000},
	date-modified = {2013-04-23 00:37:35 +0000},
	journal = {Legislative Studies Quarterly},
	number = {2},
	pages = {313-325},
	title = {Television Markets and the Competetiveness of US House Elections},
	volume = {25},
	year = {2000}}

@article{SnyderStromberg2010,
	author = {James M. Jr. Snyder and David Str\"{o}mberg},
	date-added = {2013-04-23 00:33:48 +0000},
	date-modified = {2013-04-23 19:01:57 +0000},
	journal = {Journal of Political Economy},
	number = {2},
	pages = {355-408},
	title = {Press Coverage and Political Accountability},
	volume = {118},
	year = {2010}}

@unpublished{Henderson2013,
	author = {John Henderson},
	date-added = {2013-04-23 00:33:25 +0000},
	date-modified = {2013-04-23 00:33:43 +0000},
	title = {Issue Distancing in Congressional Elections}}

@book{Grimmer,
	address = {New York},
	author = {Justin Grimmer},
	date-added = {2013-04-23 00:31:27 +0000},
	date-modified = {2013-04-23 00:32:41 +0000},
	publisher = {Cambridge University Press},
	title = {Representational Style in Congress: What Legislators Say and Why it Matters},
	year = {in press}}

@article{Sekhon2009,
	author = {Jasjeet S. Sekhon},
	date-added = {2013-04-23 00:30:11 +0000},
	date-modified = {2013-04-23 00:31:16 +0000},
	journal = {Annual Review of Political Science},
	pages = {487-508},
	title = {Opiates for the Matches},
	volume = {12},
	year = {2009}}

@book{Jacobson2009,
	address = {New York},
	author = {Gary C. Jacobson},
	date-added = {2013-04-23 00:29:19 +0000},
	date-modified = {2013-04-23 00:30:05 +0000},
	publisher = {Pearson Longman},
	title = {The Politics of Congressional Elections},
	volume = {7},
	year = {2009}}

@book{Arnold1990,
	address = {New Haven, CT},
	author = {R. Douglas Arnold},
	date-added = {2013-04-23 00:28:46 +0000},
	date-modified = {2013-04-23 00:29:10 +0000},
	publisher = {Yale University Press},
	title = {The Logic of Congressional Action},
	year = {1990}}

@book{Sulkin2005,
	address = {New York},
	author = {Tracy Sulkin},
	date-added = {2013-04-23 00:28:07 +0000},
	date-modified = {2013-04-23 00:28:42 +0000},
	publisher = {Cambridge University Press},
	title = {Issue Politics in Congress},
	year = {2005}}

@article{MillerNelson2002,
	author = {Dale T. Miller and Leif D. Nelson},
	date-added = {2013-04-23 00:26:07 +0000},
	date-modified = {2013-04-23 00:27:28 +0000},
	journal = {Journal of Personality and Social Psychology},
	number = {5},
	pages = {1066-1075},
	title = {Seeing APproach Motivation in the Avoidance Behavior of Others: Implications for an Understanding of Pluralistic Ignorance},
	volume = {83},
	year = {2002}}

@article{TverskyKahneman1973,
	author = {Amos Tversky and Daniel Kahneman},
	date-added = {2013-04-23 00:24:36 +0000},
	date-modified = {2013-04-23 00:25:40 +0000},
	journal = {Cognitive Psychology},
	number = {2},
	pages = {207-232},
	title = {Availability: A Heuristic for Judging Frequency and Probability},
	volume = {5},
	year = {1973}}

@article{ShermanNelsonRoss2003,
	author = {David K. Sherman and Leif D. Nelson and Lee D. Ross},
	date-added = {2013-04-23 00:23:26 +0000},
	date-modified = {2013-04-23 00:24:08 +0000},
	journal = {Basic and Applied Social Psychology},
	number = {4},
	pages = {275-289},
	title = {Naive Realism and Affirmative Action: Adversaries are More Similar Than They Think},
	volume = {25},
	year = {2003}}

@article{FarwellWeiner2000,
	author = {Lisa Farwell and Bernard Weiner},
	date-added = {2013-04-23 00:22:12 +0000},
	date-modified = {2013-04-23 00:23:05 +0000},
	journal = {Personality and Social Psychology Bulletin},
	number = {7},
	pages = {845-852},
	title = {Bleeding Hearts and the Heartless: Popular Perceptions of Liberal and Conservative Ideologies},
	volume = {26},
	year = {2000}}

@article{ShorMcCarty2011,
	author = {Boris Shor and Nolan McCarty},
	date-added = {2013-04-23 00:19:59 +0000},
	date-modified = {2013-04-23 00:22:06 +0000},
	journal = {American Political Science Review},
	number = {3},
	pages = {530-551},
	title = {The Ideological Mapping of American Legislatures},
	volume = {105},
	year = {2011}}

@article{AhlerCitrinLenz2013,
	author = {Douglas J. Ahler and Jack Citrin and Gabriel S. Lenz},
	date-added = {2013-04-23 00:16:45 +0000},
	date-modified = {2016-05-03 23:58:40 +0000},
	journal = {Legislative Studies Quarterly},
	title = {Do Open Primaries Improve Representation? An Experimental Test California's Top-Two Primary},
	year = {Forthcoming}}

@book{Lee2009,
	address = {Chicago},
	author = {Frances E. Lee},
	date-added = {2013-04-23 00:16:06 +0000},
	date-modified = {2013-04-23 00:16:40 +0000},
	publisher = {University of Chicago Press},
	title = {Beyond Ideology: Politics, Principles, and Partisanship in the U.S. Senate},
	year = {2009}}

@book{Hall1996,
	address = {New Haven, CT},
	author = {Richard L. Hall},
	date-added = {2013-04-23 00:15:25 +0000},
	date-modified = {2013-04-23 00:16:00 +0000},
	publisher = {Yale University Press},
	title = {Participation in Congress},
	year = {1996}}

@article{Binder2011,
	author = {Sarah Binder},
	date-added = {2013-04-23 00:13:41 +0000},
	date-modified = {2013-04-23 00:14:32 +0000},
	journal = {The Forum},
	number = {4},
	title = {Through the Looking Glass, Darkly: What has Become of the Senate?},
	volume = {9},
	year = {2011}}

@book{CoxMcCubbins2005,
	address = {New York},
	author = {Gary W. Cox and Mathew D. McCubbins},
	date-added = {2013-04-23 00:10:28 +0000},
	date-modified = {2013-04-23 00:11:27 +0000},
	publisher = {Cambridge University Press},
	title = {Setting the Agenda: Responsible Party Government in the U.S. House of Representatives},
	year = {2005}}

@inproceedings{AldrichRohde2001,
	address = {Washington, DC},
	author = {John H. Aldrich and David W. Rohde},
	chapter = {The Logic of Conditional Party Government: Revisiting the Electoral Connection},
	date-added = {2013-04-23 00:08:44 +0000},
	date-modified = {2013-04-23 00:10:23 +0000},
	editor = {Lawrence C. Dodd and Bruce I. Oppenheimer},
	publisher = {CQ Press},
	title = {Congress Reconsidered},
	volume = {7},
	year = {2001}}

@book{Rohde1991,
	address = {Chicago},
	author = {David W. Rohde},
	date-added = {2013-04-23 00:01:44 +0000},
	date-modified = {2013-04-23 00:02:10 +0000},
	publisher = {University of Chicago Press},
	title = {Parties and Leaders in the Postreform House},
	year = {1991}}

@book{MannOrnstein2012,
	address = {New York},
	author = {Thomas E. Mann and Norman J. Ornstein},
	date-added = {2013-04-23 00:00:08 +0000},
	date-modified = {2013-04-23 00:01:14 +0000},
	publisher = {Basic Books},
	title = {It's Even Worse Than it Looks: How the American Constitutional System Collided with the New Politics of Extremism},
	year = {2012}}

@article{Bonica2013,
	author = {Adam Bonica},
	date-added = {2013-04-22 23:58:15 +0000},
	date-modified = {2013-04-22 23:59:27 +0000},
	journal = {American Journal of Political Science},
	number = {2},
	pages = {294-311},
	title = {Ideology and Interests in the Political Marketplace},
	volume = {57},
	year = {2013}}

@book{Jacobson2008,
	address = {New York},
	author = {Gary C. Jacobson},
	date-added = {2013-04-22 23:56:27 +0000},
	date-modified = {2013-04-22 23:57:28 +0000},
	publisher = {Pearson Longman},
	title = {A Divider, Not a Uniter: George W. Bush and the American People: The 2006 Election and Beyond},
	year = {2008}}

@book{Theriault2006,
	address = {New York},
	author = {Sean M. Theriault},
	date-added = {2013-04-22 23:55:06 +0000},
	date-modified = {2013-04-22 23:56:02 +0000},
	publisher = {Cambridge University Press},
	title = {Party Polarization in Congress},
	year = {2006}}

@book{McCartyPooleRosenthal2006,
	address = {Cambridge, MA},
	author = {Nolan McCarty and Keith T. Poole and Howard Rosenthal},
	date-added = {2013-04-22 23:53:44 +0000},
	date-modified = {2013-04-22 23:54:59 +0000},
	publisher = {MIT Press},
	title = {Polarized America: The Dance of Ideology and Unequal Riches},
	year = {2006}}

@book{FiorinaAbrams2009,
	address = {Norman, OK},
	author = {Morris P. Fiorina and Samuel J. Abrams},
	date-added = {2013-04-22 23:52:55 +0000},
	date-modified = {2013-04-22 23:53:43 +0000},
	publisher = {University of Oklahoma Press},
	title = {Disconnect: The Breakdown of Representation in American Politics},
	year = {2009}}

@book{Brownstein2007,
	address = {New York},
	author = {Ronald Brownstein},
	date-added = {2013-04-22 23:51:51 +0000},
	date-modified = {2013-04-22 23:52:52 +0000},
	publisher = {Penguin Press},
	title = {The Second Civil War: How Extreme Partisanship Has Paralyzed Washington and Polarized America},
	year = {2007}}

@article{Fenno1977,
	author = {Richard F. Fenno},
	date-added = {2013-04-22 23:49:54 +0000},
	date-modified = {2013-04-22 23:51:14 +0000},
	journal = {American Political Science Review},
	number = {3},
	pages = {883-917},
	title = {U.S. House Members in Their Constituencies: An Exploration},
	volume = {71},
	year = {1977}}

@article{ShapiroJacobs2010,
	author = {Robert Y. Shapiro and Lawrence Jacobs},
	date-added = {2013-04-22 23:47:24 +0000},
	date-modified = {2013-04-22 23:49:51 +0000},
	journal = {The Forum},
	month = {April},
	title = {Simulating Representation: Elite Mobilization and Political Power in Health Care Reform},
	year = {2010}}

@book{Fenno1978,
	address = {New York},
	author = {Richard F. Jr. Fenno},
	date-added = {2013-04-22 23:40:09 +0000},
	date-modified = {2013-05-12 21:16:59 +0000},
	publisher = {Longman},
	title = {Home Style: House Members in Their Districts},
	year = {1978}}
